time,symbol,price,quantity
2026-01-12 12:50:21.702566+00:00,BTCUSDT,90750.0,0.00014
2026-01-12 12:50:24.358289+00:00,BTCUSDT,90750.0,0.00578
2026-01-12 12:50:24.359110+00:00,BTCUSDT,90750.0,0.00559
2026-01-12 12:50:24.360171+00:00,BTCUSDT,90750.0,0.00331
2026-01-12 12:50:24.585665+00:00,BTCUSDT,90750.0,0.00011
2026-01-12 12:50:24.902081+00:00,BTCUSDT,90749.99,0.00578
2026-01-12 12:50:26.486672+00:00,BTCUSDT,90750.0,0.00075
2026-01-12 12:50:26.846374+00:00,BTCUSDT,90750.0,0.00052
2026-01-12 12:50:26.849292+00:00,BTCUSDT,90750.0,0.01338
2026-01-12 12:50:27.297889+00:00,BTCUSDT,90749.99,0.00023
2026-01-12 12:50:27.363677+00:00,BTCUSDT,90749.99,0.00014
2026-01-12 12:50:28.632250+00:00,BTCUSDT,90750.0,0.00549
2026-01-12 12:50:29.102143+00:00,BTCUSDT,90750.0,0.00687
2026-01-12 12:50:29.375063+00:00,BTCUSDT,90750.0,0.00028
2026-01-12 12:50:30.160920+00:00,BTCUSDT,90750.0,0.00029
2026-01-12 12:50:30.161655+00:00,BTCUSDT,90749.99,0.00052
2026-01-12 12:50:30.168853+00:00,BTCUSDT,90750.0,0.00011
2026-01-12 12:50:30.422020+00:00,BTCUSDT,90750.0,0.14384
2026-01-12 12:50:30.423930+00:00,BTCUSDT,90750.0,0.05331
2026-01-12 12:50:30.424859+00:00,BTCUSDT,90750.0,0.003
2026-01-12 12:50:30.425892+00:00,BTCUSDT,90750.0,0.001
2026-01-12 12:50:30.426746+00:00,BTCUSDT,90750.0,0.0008
2026-01-12 12:50:30.427656+00:00,BTCUSDT,90750.0,0.00039
2026-01-12 12:50:30.428527+00:00,BTCUSDT,90750.0,6e-05
2026-01-12 12:50:30.429307+00:00,BTCUSDT,90750.0,6e-05
2026-01-12 12:50:30.430055+00:00,BTCUSDT,90750.0,9e-05
2026-01-12 12:50:30.430784+00:00,BTCUSDT,90750.0,9e-05
2026-01-12 12:50:30.431429+00:00,BTCUSDT,90750.0,9e-05
2026-01-12 12:50:30.432124+00:00,BTCUSDT,90750.0,9e-05
2026-01-12 12:50:30.432801+00:00,BTCUSDT,90750.0,9e-05
2026-01-12 12:50:30.433357+00:00,BTCUSDT,90750.0,9e-05
2026-01-12 12:50:30.433995+00:00,BTCUSDT,90750.0,0.00012
2026-01-12 12:50:30.434594+00:00,BTCUSDT,90750.0,0.00012
2026-01-12 12:50:30.435175+00:00,BTCUSDT,90750.0,6e-05
2026-01-12 12:50:30.435775+00:00,BTCUSDT,90750.0,6e-05
2026-01-12 12:50:30.436373+00:00,BTCUSDT,90750.0,0.00012
2026-01-12 12:50:30.436931+00:00,BTCUSDT,90750.0,9e-05
2026-01-12 12:50:30.437508+00:00,BTCUSDT,90750.0,9e-05
2026-01-12 12:50:30.438106+00:00,BTCUSDT,90750.0,9e-05
2026-01-12 12:50:30.438742+00:00,BTCUSDT,90750.0,9e-05
2026-01-12 12:50:30.439307+00:00,BTCUSDT,90750.0,6e-05
2026-01-12 12:50:30.439839+00:00,BTCUSDT,90750.0,0.00026
2026-01-12 12:50:30.440397+00:00,BTCUSDT,90750.0,0.00012
2026-01-12 12:50:30.440952+00:00,BTCUSDT,90750.0,0.00012
2026-01-12 12:50:30.441754+00:00,BTCUSDT,90750.0,0.00012
2026-01-12 12:50:30.442308+00:00,BTCUSDT,90750.0,0.00012
2026-01-12 12:50:30.442818+00:00,BTCUSDT,90750.0,9e-05
2026-01-12 12:50:30.443366+00:00,BTCUSDT,90750.0,9e-05
2026-01-12 12:50:30.443955+00:00,BTCUSDT,90750.0,0.02413
2026-01-12 12:50:30.790028+00:00,BTCUSDT,90750.0,0.00087
2026-01-12 12:50:30.791609+00:00,BTCUSDT,90750.0,9e-05
2026-01-12 12:50:30.792420+00:00,BTCUSDT,90750.0,9e-05
2026-01-12 12:50:30.793145+00:00,BTCUSDT,90750.0,9e-05
2026-01-12 12:50:30.793855+00:00,BTCUSDT,90750.0,9e-05
2026-01-12 12:50:30.794435+00:00,BTCUSDT,90750.0,6e-05
2026-01-12 12:50:30.794946+00:00,BTCUSDT,90750.0,9e-05
2026-01-12 12:50:30.795446+00:00,BTCUSDT,90750.0,9e-05
2026-01-12 12:50:30.795998+00:00,BTCUSDT,90750.0,9e-05
2026-01-12 12:50:30.796583+00:00,BTCUSDT,90750.0,9e-05
2026-01-12 12:50:30.797101+00:00,BTCUSDT,90750.0,9e-05
2026-01-12 12:50:30.797683+00:00,BTCUSDT,90750.0,0.00012
2026-01-12 12:50:30.798562+00:00,BTCUSDT,90750.0,6e-05
2026-01-12 12:50:30.799345+00:00,BTCUSDT,90750.0,6e-05
2026-01-12 12:50:30.799921+00:00,BTCUSDT,90750.0,0.00014
2026-01-12 12:50:30.800481+00:00,BTCUSDT,90750.0,6e-05
2026-01-12 12:50:30.800992+00:00,BTCUSDT,90750.0,6e-05
2026-01-12 12:50:30.801518+00:00,BTCUSDT,90750.0,6e-05
2026-01-12 12:50:30.802044+00:00,BTCUSDT,90750.0,0.00291
2026-01-12 12:50:30.802626+00:00,BTCUSDT,90750.0,0.0004
2026-01-12 12:50:30.803138+00:00,BTCUSDT,90750.0,0.00013
2026-01-12 12:50:30.803697+00:00,BTCUSDT,90750.0,6e-05
2026-01-12 12:50:30.804214+00:00,BTCUSDT,90750.0,0.00033
2026-01-12 12:50:30.804761+00:00,BTCUSDT,90750.0,0.00023
2026-01-12 12:50:30.805271+00:00,BTCUSDT,90750.0,0.0003
2026-01-12 12:50:30.805768+00:00,BTCUSDT,90750.0,0.00535
2026-01-12 12:50:30.806285+00:00,BTCUSDT,90750.0,6e-05
2026-01-12 12:50:30.806773+00:00,BTCUSDT,90750.0,6e-05
2026-01-12 12:50:30.807287+00:00,BTCUSDT,90750.0,6e-05
2026-01-12 12:50:30.807775+00:00,BTCUSDT,90750.0,6e-05
2026-01-12 12:50:30.808261+00:00,BTCUSDT,90750.0,6e-05
2026-01-12 12:50:30.808856+00:00,BTCUSDT,90750.0,6e-05
2026-01-12 12:50:30.809360+00:00,BTCUSDT,90750.0,6e-05
2026-01-12 12:50:30.809859+00:00,BTCUSDT,90750.0,6e-05
2026-01-12 12:50:30.810337+00:00,BTCUSDT,90750.0,6e-05
2026-01-12 12:50:30.810780+00:00,BTCUSDT,90750.0,6e-05
2026-01-12 12:50:30.811256+00:00,BTCUSDT,90750.0,0.00251
2026-01-12 12:50:30.811748+00:00,BTCUSDT,90750.0,6e-05
2026-01-12 12:50:30.812213+00:00,BTCUSDT,90750.0,0.00036
2026-01-12 12:50:30.812711+00:00,BTCUSDT,90750.0,6e-05
2026-01-12 12:50:30.813458+00:00,BTCUSDT,90750.0,6e-05
2026-01-12 12:50:30.814212+00:00,BTCUSDT,90750.0,6e-05
2026-01-12 12:50:30.814731+00:00,BTCUSDT,90750.01,9e-05
2026-01-12 12:50:30.815412+00:00,BTCUSDT,90750.01,6e-05
2026-01-12 12:50:30.815957+00:00,BTCUSDT,90750.01,6e-05
2026-01-12 12:50:30.816569+00:00,BTCUSDT,90750.01,6e-05
2026-01-12 12:50:30.817076+00:00,BTCUSDT,90750.01,6e-05
2026-01-12 12:50:30.817565+00:00,BTCUSDT,90750.01,6e-05
2026-01-12 12:50:30.818024+00:00,BTCUSDT,90750.01,6e-05
2026-01-12 12:50:30.818521+00:00,BTCUSDT,90750.01,6e-05
2026-01-12 12:50:30.818972+00:00,BTCUSDT,90750.01,6e-05
2026-01-12 12:50:30.819443+00:00,BTCUSDT,90750.01,6e-05
2026-01-12 12:50:30.819903+00:00,BTCUSDT,90750.01,6e-05
2026-01-12 12:50:30.820447+00:00,BTCUSDT,90750.01,6e-05
2026-01-12 12:50:30.820898+00:00,BTCUSDT,90750.01,6e-05
2026-01-12 12:50:30.821327+00:00,BTCUSDT,90750.08,7e-05
2026-01-12 12:50:30.821771+00:00,BTCUSDT,90750.21,0.0002
2026-01-12 12:50:30.822272+00:00,BTCUSDT,90750.22,6e-05
2026-01-12 12:50:30.822991+00:00,BTCUSDT,90750.23,8e-05
2026-01-12 12:50:30.823454+00:00,BTCUSDT,90750.23,0.00012
2026-01-12 12:50:30.823844+00:00,BTCUSDT,90751.5,6e-05
2026-01-12 12:50:30.824231+00:00,BTCUSDT,90751.86,6e-05
2026-01-12 12:50:30.824633+00:00,BTCUSDT,90751.86,6e-05
2026-01-12 12:50:30.825031+00:00,BTCUSDT,90751.86,6e-05
2026-01-12 12:50:30.825408+00:00,BTCUSDT,90752.0,0.001
2026-01-12 12:50:30.825800+00:00,BTCUSDT,90752.0,0.0008
2026-01-12 12:50:30.826247+00:00,BTCUSDT,90752.0,9e-05
2026-01-12 12:50:30.826702+00:00,BTCUSDT,90752.04,6e-05
2026-01-12 12:50:30.827120+00:00,BTCUSDT,90752.04,6e-05
2026-01-12 12:50:30.827543+00:00,BTCUSDT,90752.04,6e-05
2026-01-12 12:50:30.827954+00:00,BTCUSDT,90752.29,0.003
2026-01-12 12:50:30.828349+00:00,BTCUSDT,90752.29,6e-05
2026-01-12 12:50:30.828780+00:00,BTCUSDT,90752.29,6e-05
2026-01-12 12:50:30.829159+00:00,BTCUSDT,90752.29,6e-05
2026-01-12 12:50:30.829523+00:00,BTCUSDT,90752.8,7e-05
2026-01-12 12:50:30.829859+00:00,BTCUSDT,90752.8,7e-05
2026-01-12 12:50:30.830274+00:00,BTCUSDT,90753.37,6e-05
2026-01-12 12:50:30.830666+00:00,BTCUSDT,90753.37,0.00065
2026-01-12 12:50:30.831072+00:00,BTCUSDT,90753.37,6e-05
2026-01-12 12:50:30.831520+00:00,BTCUSDT,90753.37,6e-05
2026-01-12 12:50:30.831935+00:00,BTCUSDT,90753.37,6e-05
2026-01-12 12:50:30.832587+00:00,BTCUSDT,90754.0,0.001
2026-01-12 12:50:30.832990+00:00,BTCUSDT,90754.0,0.0008
2026-01-12 12:50:30.833409+00:00,BTCUSDT,90754.3,6e-05
2026-01-12 12:50:30.833821+00:00,BTCUSDT,90755.52,7e-05
2026-01-12 12:50:30.834268+00:00,BTCUSDT,90755.94,6e-05
2026-01-12 12:50:30.834661+00:00,BTCUSDT,90756.0,0.001
2026-01-12 12:50:30.835048+00:00,BTCUSDT,90756.0,0.00032
2026-01-12 12:50:30.835432+00:00,BTCUSDT,90756.0,0.00048
2026-01-12 12:50:31.117143+00:00,BTCUSDT,90756.35,0.00044
2026-01-12 12:50:31.117713+00:00,BTCUSDT,90756.35,6e-05
2026-01-12 12:50:31.118245+00:00,BTCUSDT,90756.35,0.07469
2026-01-12 12:50:31.118760+00:00,BTCUSDT,90756.35,6e-05
2026-01-12 12:50:31.119336+00:00,BTCUSDT,90756.35,6e-05
2026-01-12 12:50:31.119819+00:00,BTCUSDT,90756.35,6e-05
2026-01-12 12:50:31.120293+00:00,BTCUSDT,90756.35,6e-05
2026-01-12 12:50:31.120758+00:00,BTCUSDT,90756.35,6e-05
2026-01-12 12:50:31.121193+00:00,BTCUSDT,90756.35,6e-05
2026-01-12 12:50:31.121646+00:00,BTCUSDT,90756.35,6e-05
2026-01-12 12:50:31.122090+00:00,BTCUSDT,90756.35,6e-05
2026-01-12 12:50:31.122587+00:00,BTCUSDT,90756.35,6e-05
2026-01-12 12:50:31.123057+00:00,BTCUSDT,90756.35,6e-05
2026-01-12 12:50:31.123564+00:00,BTCUSDT,90756.35,6e-05
2026-01-12 12:50:31.124004+00:00,BTCUSDT,90756.35,6e-05
2026-01-12 12:50:31.124451+00:00,BTCUSDT,90756.35,9e-05
2026-01-12 12:50:31.124886+00:00,BTCUSDT,90756.35,9e-05
2026-01-12 12:50:31.125329+00:00,BTCUSDT,90756.35,6e-05
2026-01-12 12:50:31.125802+00:00,BTCUSDT,90756.35,6e-05
2026-01-12 12:50:31.126255+00:00,BTCUSDT,90756.35,9e-05
2026-01-12 12:50:31.126740+00:00,BTCUSDT,90756.35,9e-05
2026-01-12 12:50:31.127206+00:00,BTCUSDT,90756.35,0.01629
2026-01-12 12:50:31.127662+00:00,BTCUSDT,90756.35,9e-05
2026-01-12 12:50:31.128085+00:00,BTCUSDT,90756.35,9e-05
2026-01-12 12:50:31.128523+00:00,BTCUSDT,90756.35,6e-05
2026-01-12 12:50:31.128926+00:00,BTCUSDT,90756.35,6e-05
2026-01-12 12:50:31.129372+00:00,BTCUSDT,90756.35,6e-05
2026-01-12 12:50:31.129829+00:00,BTCUSDT,90756.35,6e-05
2026-01-12 12:50:31.130268+00:00,BTCUSDT,90756.35,6e-05
2026-01-12 12:50:31.130705+00:00,BTCUSDT,90756.36,6e-05
2026-01-12 12:50:31.131184+00:00,BTCUSDT,90756.36,6e-05
2026-01-12 12:50:31.131680+00:00,BTCUSDT,90756.36,9e-05
2026-01-12 12:50:31.132175+00:00,BTCUSDT,90756.36,6e-05
2026-01-12 12:50:31.132655+00:00,BTCUSDT,90756.36,6e-05
2026-01-12 12:50:31.133112+00:00,BTCUSDT,90756.36,6e-05
2026-01-12 12:50:31.133570+00:00,BTCUSDT,90756.36,6e-05
2026-01-12 12:50:31.134001+00:00,BTCUSDT,90756.36,6e-05
2026-01-12 12:50:31.134478+00:00,BTCUSDT,90756.36,6e-05
2026-01-12 12:50:31.134928+00:00,BTCUSDT,90756.36,6e-05
2026-01-12 12:50:31.135402+00:00,BTCUSDT,90756.36,6e-05
2026-01-12 12:50:31.135860+00:00,BTCUSDT,90756.36,6e-05
2026-01-12 12:50:31.136289+00:00,BTCUSDT,90756.36,6e-05
2026-01-12 12:50:31.136708+00:00,BTCUSDT,90756.36,6e-05
2026-01-12 12:50:31.137108+00:00,BTCUSDT,90756.37,9e-05
2026-01-12 12:50:31.137540+00:00,BTCUSDT,90757.16,0.0002
2026-01-12 12:50:31.138690+00:00,BTCUSDT,90757.17,6e-05
2026-01-12 12:50:31.139085+00:00,BTCUSDT,90757.19,6e-05
2026-01-12 12:50:31.139475+00:00,BTCUSDT,90757.19,6e-05
2026-01-12 12:50:31.139811+00:00,BTCUSDT,90757.19,6e-05
2026-01-12 12:50:31.140142+00:00,BTCUSDT,90757.76,6e-05
2026-01-12 12:50:31.140496+00:00,BTCUSDT,90757.76,6e-05
2026-01-12 12:50:31.140828+00:00,BTCUSDT,90757.76,6e-05
2026-01-12 12:50:31.141160+00:00,BTCUSDT,90758.0,0.001
2026-01-12 12:50:31.141518+00:00,BTCUSDT,90758.0,0.0008
2026-01-12 12:50:31.141851+00:00,BTCUSDT,90758.24,2e-05
2026-01-12 12:50:32.165529+00:00,BTCUSDT,90758.24,5e-05
2026-01-12 12:50:32.165922+00:00,BTCUSDT,90758.24,6e-05
2026-01-12 12:50:32.166312+00:00,BTCUSDT,90758.24,6e-05
2026-01-12 12:50:32.166764+00:00,BTCUSDT,90758.24,6e-05
2026-01-12 12:50:32.167143+00:00,BTCUSDT,90758.24,6e-05
2026-01-12 12:50:32.167675+00:00,BTCUSDT,90758.24,6e-05
2026-01-12 12:50:32.168095+00:00,BTCUSDT,90758.24,6e-05
2026-01-12 12:50:32.168576+00:00,BTCUSDT,90758.24,6e-05
2026-01-12 12:50:32.168942+00:00,BTCUSDT,90758.24,6e-05
2026-01-12 12:50:32.169310+00:00,BTCUSDT,90758.24,6e-05
2026-01-12 12:50:32.169726+00:00,BTCUSDT,90758.24,6e-05
2026-01-12 12:50:32.170103+00:00,BTCUSDT,90758.24,6e-05
2026-01-12 12:50:32.170479+00:00,BTCUSDT,90758.24,6e-05
2026-01-12 12:50:32.170806+00:00,BTCUSDT,90758.24,6e-05
2026-01-12 12:50:32.171128+00:00,BTCUSDT,90758.24,6e-05
2026-01-12 12:50:32.171520+00:00,BTCUSDT,90758.24,9e-05
2026-01-12 12:50:32.171855+00:00,BTCUSDT,90758.24,9e-05
2026-01-12 12:50:32.172184+00:00,BTCUSDT,90758.24,9e-05
2026-01-12 12:50:32.172543+00:00,BTCUSDT,90758.24,9e-05
2026-01-12 12:50:32.172955+00:00,BTCUSDT,90758.24,6e-05
2026-01-12 12:50:32.173314+00:00,BTCUSDT,90758.24,6e-05
2026-01-12 12:50:32.173687+00:00,BTCUSDT,90758.24,9e-05
2026-01-12 12:50:32.174040+00:00,BTCUSDT,90758.24,6e-05
2026-01-12 12:50:32.174384+00:00,BTCUSDT,90758.24,6e-05
2026-01-12 12:50:32.174737+00:00,BTCUSDT,90758.24,9e-05
2026-01-12 12:50:32.175066+00:00,BTCUSDT,90758.24,6e-05
2026-01-12 12:50:32.175469+00:00,BTCUSDT,90758.24,6e-05
2026-01-12 12:50:32.175842+00:00,BTCUSDT,90758.24,0.0001
2026-01-12 12:50:32.176193+00:00,BTCUSDT,90758.25,6e-05
2026-01-12 12:50:32.176878+00:00,BTCUSDT,90758.25,6e-05
2026-01-12 12:50:32.177280+00:00,BTCUSDT,90758.25,6e-05
2026-01-12 12:50:32.177658+00:00,BTCUSDT,90758.25,6e-05
2026-01-12 12:50:32.178016+00:00,BTCUSDT,90758.25,6e-05
2026-01-12 12:50:32.178378+00:00,BTCUSDT,90758.25,6e-05
2026-01-12 12:50:32.178732+00:00,BTCUSDT,90758.25,6e-05
2026-01-12 12:50:32.179064+00:00,BTCUSDT,90758.25,6e-05
2026-01-12 12:50:32.179432+00:00,BTCUSDT,90758.25,6e-05
2026-01-12 12:50:32.179825+00:00,BTCUSDT,90758.25,6e-05
2026-01-12 12:50:32.180453+00:00,BTCUSDT,90758.25,6e-05
2026-01-12 12:50:32.180863+00:00,BTCUSDT,90758.25,7e-05
2026-01-12 12:50:32.182513+00:00,BTCUSDT,90758.25,2e-05
2026-01-12 12:50:32.183079+00:00,BTCUSDT,90758.25,6e-05
2026-01-12 12:50:32.183531+00:00,BTCUSDT,90758.25,6e-05
2026-01-12 12:50:32.183941+00:00,BTCUSDT,90758.25,6e-05
2026-01-12 12:50:32.184396+00:00,BTCUSDT,90758.25,6e-05
2026-01-12 12:50:32.184802+00:00,BTCUSDT,90758.25,6e-05
2026-01-12 12:50:32.185211+00:00,BTCUSDT,90758.25,6e-05
2026-01-12 12:50:32.185670+00:00,BTCUSDT,90758.26,9e-05
2026-01-12 12:50:32.186070+00:00,BTCUSDT,90758.85,6e-05
2026-01-12 12:50:32.186489+00:00,BTCUSDT,90758.99,6e-05
2026-01-12 12:50:32.186896+00:00,BTCUSDT,90758.99,6e-05
2026-01-12 12:50:32.187278+00:00,BTCUSDT,90758.99,6e-05
2026-01-12 12:50:32.187777+00:00,BTCUSDT,90759.0,6e-05
2026-01-12 12:50:32.188267+00:00,BTCUSDT,90759.0,6e-05
2026-01-12 12:50:32.188650+00:00,BTCUSDT,90759.14,6e-05
2026-01-12 12:50:32.189025+00:00,BTCUSDT,90759.14,6e-05
2026-01-12 12:50:32.189383+00:00,BTCUSDT,90759.14,6e-05
2026-01-12 12:50:32.189820+00:00,BTCUSDT,90759.18,0.00036
2026-01-12 12:50:32.190175+00:00,BTCUSDT,90759.18,6e-05
2026-01-12 12:50:32.190566+00:00,BTCUSDT,90759.18,6e-05
2026-01-12 12:50:32.190917+00:00,BTCUSDT,90759.18,6e-05
2026-01-12 12:50:32.191261+00:00,BTCUSDT,90759.59,0.00243
2026-01-12 12:50:32.191613+00:00,BTCUSDT,90759.59,0.00057
2026-01-12 12:50:32.191971+00:00,BTCUSDT,90759.59,6e-05
2026-01-12 12:50:32.192344+00:00,BTCUSDT,90759.59,6e-05
2026-01-12 12:50:32.192803+00:00,BTCUSDT,90759.59,6e-05
2026-01-12 12:50:32.193209+00:00,BTCUSDT,90759.59,6e-05
2026-01-12 12:50:32.193612+00:00,BTCUSDT,90759.59,6e-05
2026-01-12 12:50:32.194069+00:00,BTCUSDT,90759.59,6e-05
2026-01-12 12:50:32.194487+00:00,BTCUSDT,90759.71,0.00011
2026-01-12 12:50:32.194855+00:00,BTCUSDT,90759.87,0.00012
2026-01-12 12:50:32.195248+00:00,BTCUSDT,90760.0,0.00082
2026-01-12 12:50:32.195619+00:00,BTCUSDT,90759.99,0.00021
2026-01-12 12:50:32.195978+00:00,BTCUSDT,90759.99,0.0003
2026-01-12 12:50:32.196326+00:00,BTCUSDT,90759.99,0.00022
2026-01-12 12:50:32.197106+00:00,BTCUSDT,90760.0,0.00218
2026-01-12 12:50:32.197544+00:00,BTCUSDT,90760.0,0.001
2026-01-12 12:50:32.197939+00:00,BTCUSDT,90760.0,0.0008
2026-01-12 12:50:32.198329+00:00,BTCUSDT,90760.0,6e-05
2026-01-12 12:50:32.198736+00:00,BTCUSDT,90760.0,6e-05
2026-01-12 12:50:32.199129+00:00,BTCUSDT,90760.0,9e-05
2026-01-12 12:50:32.199538+00:00,BTCUSDT,90760.0,9e-05
2026-01-12 12:50:32.199962+00:00,BTCUSDT,90760.0,9e-05
2026-01-12 12:50:32.200327+00:00,BTCUSDT,90760.0,6e-05
2026-01-12 12:50:32.200719+00:00,BTCUSDT,90760.0,6e-05
2026-01-12 12:50:32.201089+00:00,BTCUSDT,90760.0,0.00012
2026-01-12 12:50:32.201526+00:00,BTCUSDT,90760.0,6e-05
2026-01-12 12:50:32.201888+00:00,BTCUSDT,90760.0,9e-05
2026-01-12 12:50:32.202241+00:00,BTCUSDT,90760.0,9e-05
2026-01-12 12:50:32.202635+00:00,BTCUSDT,90760.0,0.00176
2026-01-12 12:50:32.202992+00:00,BTCUSDT,90760.0,0.01013
2026-01-12 12:50:32.203332+00:00,BTCUSDT,90760.0,0.0031
2026-01-12 12:50:32.205535+00:00,BTCUSDT,90760.0,6e-05
2026-01-12 12:50:32.205877+00:00,BTCUSDT,90760.0,6e-05
2026-01-12 12:50:32.206225+00:00,BTCUSDT,90760.0,9e-05
2026-01-12 12:50:32.206551+00:00,BTCUSDT,90760.0,6e-05
2026-01-12 12:50:32.206884+00:00,BTCUSDT,90760.0,6e-05
2026-01-12 12:50:32.207200+00:00,BTCUSDT,90760.0,6e-05
2026-01-12 12:50:32.207761+00:00,BTCUSDT,90760.0,0.00012
2026-01-12 12:50:32.208090+00:00,BTCUSDT,90760.0,0.00167
2026-01-12 12:50:32.209538+00:00,BTCUSDT,90760.0,0.0344
2026-01-12 12:50:32.419363+00:00,BTCUSDT,90760.0,0.00014
2026-01-12 12:50:32.644960+00:00,BTCUSDT,90760.0,0.00869
2026-01-12 12:50:32.822441+00:00,BTCUSDT,90760.0,0.00111
2026-01-12 12:50:33.033994+00:00,BTCUSDT,90760.0,0.00012
2026-01-12 12:50:33.645827+00:00,BTCUSDT,90760.0,0.00056
2026-01-12 12:50:34.196383+00:00,BTCUSDT,90760.0,7e-05
2026-01-12 12:50:34.335349+00:00,BTCUSDT,90760.0,0.00012
2026-01-12 12:50:34.336943+00:00,BTCUSDT,90760.0,9e-05
2026-01-12 12:50:34.337766+00:00,BTCUSDT,90760.0,6e-05
2026-01-12 12:50:34.338485+00:00,BTCUSDT,90760.0,6e-05
2026-01-12 12:50:34.339168+00:00,BTCUSDT,90760.0,9e-05
2026-01-12 12:50:34.339769+00:00,BTCUSDT,90760.0,6e-05
2026-01-12 12:50:34.340368+00:00,BTCUSDT,90760.0,6e-05
2026-01-12 12:50:34.340897+00:00,BTCUSDT,90760.0,6e-05
2026-01-12 12:50:34.341363+00:00,BTCUSDT,90760.0,6e-05
2026-01-12 12:50:34.341817+00:00,BTCUSDT,90760.0,9e-05
2026-01-12 12:50:34.342282+00:00,BTCUSDT,90760.0,6e-05
2026-01-12 12:50:34.342855+00:00,BTCUSDT,90760.0,6e-05
2026-01-12 12:50:34.343351+00:00,BTCUSDT,90760.0,9e-05
2026-01-12 12:50:34.343874+00:00,BTCUSDT,90760.0,6e-05
2026-01-12 12:50:34.344869+00:00,BTCUSDT,90760.0,9e-05
2026-01-12 12:50:34.413279+00:00,BTCUSDT,90759.99,0.00254
2026-01-12 12:50:34.414844+00:00,BTCUSDT,90759.99,0.01117
2026-01-12 12:50:34.884792+00:00,BTCUSDT,90760.0,0.00011
2026-01-12 12:50:34.886022+00:00,BTCUSDT,90760.0,0.00045
2026-01-12 12:50:35.285730+00:00,BTCUSDT,90760.0,9e-05
2026-01-12 12:50:35.302484+00:00,BTCUSDT,90760.0,0.002
2026-01-12 12:50:35.512735+00:00,BTCUSDT,90760.0,6e-05
2026-01-12 12:50:35.646873+00:00,BTCUSDT,90760.0,0.00065
2026-01-12 12:50:35.667285+00:00,BTCUSDT,90759.99,0.00051
2026-01-12 12:50:35.737478+00:00,BTCUSDT,90760.0,0.00011
2026-01-12 12:50:36.442114+00:00,BTCUSDT,90760.0,9e-05
2026-01-12 12:50:36.443110+00:00,BTCUSDT,90760.0,9e-05
2026-01-12 12:50:36.443699+00:00,BTCUSDT,90760.0,0.025
2026-01-12 12:50:36.444211+00:00,BTCUSDT,90760.0,0.0055
2026-01-12 12:50:36.444655+00:00,BTCUSDT,90760.0,6e-05
2026-01-12 12:50:36.445049+00:00,BTCUSDT,90760.0,9e-05
2026-01-12 12:50:36.445489+00:00,BTCUSDT,90760.0,0.0129
2026-01-12 12:50:36.445893+00:00,BTCUSDT,90760.0,9e-05
2026-01-12 12:50:36.446334+00:00,BTCUSDT,90760.0,9e-05
2026-01-12 12:50:36.446824+00:00,BTCUSDT,90760.0,9e-05
2026-01-12 12:50:36.447276+00:00,BTCUSDT,90760.0,6e-05
2026-01-12 12:50:36.447722+00:00,BTCUSDT,90760.0,6e-05
2026-01-12 12:50:36.448161+00:00,BTCUSDT,90760.0,6e-05
2026-01-12 12:50:36.448682+00:00,BTCUSDT,90760.0,6e-05
2026-01-12 12:50:36.449226+00:00,BTCUSDT,90760.0,9e-05
2026-01-12 12:50:36.449724+00:00,BTCUSDT,90760.0,0.00012
2026-01-12 12:50:36.450267+00:00,BTCUSDT,90760.0,9e-05
2026-01-12 12:50:36.450743+00:00,BTCUSDT,90760.0,0.00012
2026-01-12 12:50:36.451187+00:00,BTCUSDT,90760.0,9e-05
2026-01-12 12:50:36.451684+00:00,BTCUSDT,90760.0,6e-05
2026-01-12 12:50:36.452208+00:00,BTCUSDT,90760.0,6e-05
2026-01-12 12:50:36.452703+00:00,BTCUSDT,90760.0,6e-05
2026-01-12 12:50:36.453211+00:00,BTCUSDT,90760.0,6e-05
2026-01-12 12:50:36.453719+00:00,BTCUSDT,90760.0,6e-05
2026-01-12 12:50:36.454296+00:00,BTCUSDT,90760.0,6e-05
2026-01-12 12:50:36.454871+00:00,BTCUSDT,90760.0,6e-05
2026-01-12 12:50:36.455499+00:00,BTCUSDT,90760.0,6e-05
2026-01-12 12:50:36.456108+00:00,BTCUSDT,90760.0,6e-05
2026-01-12 12:50:36.456733+00:00,BTCUSDT,90760.0,9e-05
2026-01-12 12:50:36.457300+00:00,BTCUSDT,90760.0,6e-05
2026-01-12 12:50:36.457866+00:00,BTCUSDT,90760.0,6e-05
2026-01-12 12:50:36.458388+00:00,BTCUSDT,90760.0,6e-05
2026-01-12 12:50:36.458869+00:00,BTCUSDT,90760.01,6e-05
2026-01-12 12:50:36.459386+00:00,BTCUSDT,90760.01,6e-05
2026-01-12 12:50:36.459993+00:00,BTCUSDT,90760.01,9e-05
2026-01-12 12:50:36.460508+00:00,BTCUSDT,90760.01,6e-05
2026-01-12 12:50:36.461050+00:00,BTCUSDT,90760.01,6e-05
2026-01-12 12:50:36.461604+00:00,BTCUSDT,90760.01,6e-05
2026-01-12 12:50:36.462100+00:00,BTCUSDT,90760.01,6e-05
2026-01-12 12:50:36.462563+00:00,BTCUSDT,90760.01,6e-05
2026-01-12 12:50:36.463017+00:00,BTCUSDT,90760.01,6e-05
2026-01-12 12:50:36.463514+00:00,BTCUSDT,90760.01,6e-05
2026-01-12 12:50:36.464124+00:00,BTCUSDT,90760.01,6e-05
2026-01-12 12:50:36.464857+00:00,BTCUSDT,90760.01,6e-05
2026-01-12 12:50:36.465386+00:00,BTCUSDT,90760.01,6e-05
2026-01-12 12:50:36.465946+00:00,BTCUSDT,90760.01,6e-05
2026-01-12 12:50:36.466453+00:00,BTCUSDT,90760.01,6e-05
2026-01-12 12:50:36.466914+00:00,BTCUSDT,90760.01,6e-05
2026-01-12 12:50:36.467370+00:00,BTCUSDT,90760.22,0.0002
2026-01-12 12:50:36.467799+00:00,BTCUSDT,90760.24,0.0002
2026-01-12 12:50:36.468253+00:00,BTCUSDT,90760.74,6e-05
2026-01-12 12:50:36.468699+00:00,BTCUSDT,90760.74,6e-05
2026-01-12 12:50:36.469115+00:00,BTCUSDT,90760.74,6e-05
2026-01-12 12:50:36.469535+00:00,BTCUSDT,90760.88,0.00176
2026-01-12 12:50:36.469982+00:00,BTCUSDT,90760.88,9e-05
2026-01-12 12:50:36.470394+00:00,BTCUSDT,90760.89,6e-05
2026-01-12 12:50:36.470833+00:00,BTCUSDT,90760.96,7e-05
2026-01-12 12:50:36.471266+00:00,BTCUSDT,90761.74,6e-05
2026-01-12 12:50:36.471680+00:00,BTCUSDT,90761.95,6e-05
2026-01-12 12:50:36.472087+00:00,BTCUSDT,90761.95,6e-05
2026-01-12 12:50:36.472521+00:00,BTCUSDT,90761.95,6e-05
2026-01-12 12:50:36.472911+00:00,BTCUSDT,90762.0,0.001
2026-01-12 12:50:36.473348+00:00,BTCUSDT,90762.0,0.0008
2026-01-12 12:50:36.473783+00:00,BTCUSDT,90762.38,6e-05
2026-01-12 12:50:36.474252+00:00,BTCUSDT,90762.38,6e-05
2026-01-12 12:50:36.474668+00:00,BTCUSDT,90762.38,6e-05
2026-01-12 12:50:36.475071+00:00,BTCUSDT,90762.59,0.00022
2026-01-12 12:50:36.475469+00:00,BTCUSDT,90762.71,6e-05
2026-01-12 12:50:36.475866+00:00,BTCUSDT,90763.02,6e-05
2026-01-12 12:50:36.476274+00:00,BTCUSDT,90763.4,6e-05
2026-01-12 12:50:36.476763+00:00,BTCUSDT,90763.5,6e-05
2026-01-12 12:50:36.477174+00:00,BTCUSDT,90763.68,7e-05
2026-01-12 12:50:36.477587+00:00,BTCUSDT,90763.68,6e-05
2026-01-12 12:50:36.477976+00:00,BTCUSDT,90763.68,6e-05
2026-01-12 12:50:36.478365+00:00,BTCUSDT,90763.68,6e-05
2026-01-12 12:50:36.478742+00:00,BTCUSDT,90764.0,0.001
2026-01-12 12:50:36.479137+00:00,BTCUSDT,90764.0,0.0008
2026-01-12 12:50:36.479530+00:00,BTCUSDT,90765.17,6e-05
2026-01-12 12:50:36.479868+00:00,BTCUSDT,90765.95,6e-05
2026-01-12 12:50:36.480208+00:00,BTCUSDT,90765.95,6e-05
2026-01-12 12:50:36.480552+00:00,BTCUSDT,90765.95,6e-05
2026-01-12 12:50:36.480893+00:00,BTCUSDT,90766.0,0.001
2026-01-12 12:50:36.481280+00:00,BTCUSDT,90766.0,0.0008
2026-01-12 12:50:36.481653+00:00,BTCUSDT,90766.02,6e-05
2026-01-12 12:50:36.482063+00:00,BTCUSDT,90766.02,6e-05
2026-01-12 12:50:36.482492+00:00,BTCUSDT,90766.02,6e-05
2026-01-12 12:50:36.482851+00:00,BTCUSDT,90766.03,0.00232
2026-01-12 12:50:36.483181+00:00,BTCUSDT,90766.03,0.00052
2026-01-12 12:50:36.572324+00:00,BTCUSDT,90766.03,0.00182
2026-01-12 12:50:37.189665+00:00,BTCUSDT,90766.03,0.00188
2026-01-12 12:50:37.625795+00:00,BTCUSDT,90766.02,9e-05
2026-01-12 12:50:37.633875+00:00,BTCUSDT,90766.03,9e-05
2026-01-12 12:50:37.634829+00:00,BTCUSDT,90766.03,9e-05
2026-01-12 12:50:37.635655+00:00,BTCUSDT,90766.03,0.00012
2026-01-12 12:50:37.636489+00:00,BTCUSDT,90766.03,0.01179
2026-01-12 12:50:37.703336+00:00,BTCUSDT,90766.03,0.00188
2026-01-12 12:50:37.869776+00:00,BTCUSDT,90766.02,0.00016
2026-01-12 12:50:38.063385+00:00,BTCUSDT,90766.03,0.00039
2026-01-12 12:50:39.055043+00:00,BTCUSDT,90766.02,0.00026
2026-01-12 12:50:39.057584+00:00,BTCUSDT,90766.03,0.00017
2026-01-12 12:50:39.100089+00:00,BTCUSDT,90766.02,0.00052
2026-01-12 12:50:39.130616+00:00,BTCUSDT,90766.02,0.01034
2026-01-12 12:50:39.914779+00:00,BTCUSDT,90766.02,0.00049
2026-01-12 12:50:40.798242+00:00,BTCUSDT,90766.02,0.00062
2026-01-12 12:50:41.202905+00:00,BTCUSDT,90766.03,0.00126
2026-01-12 12:50:41.346530+00:00,BTCUSDT,90766.03,0.00011
2026-01-12 12:50:43.170881+00:00,BTCUSDT,90766.03,0.00051
2026-01-12 12:50:44.052258+00:00,BTCUSDT,90766.02,0.0083
2026-01-12 12:50:44.398128+00:00,BTCUSDT,90766.03,6e-05
2026-01-12 12:50:44.399350+00:00,BTCUSDT,90766.03,9e-05
2026-01-12 12:50:44.400073+00:00,BTCUSDT,90766.03,9e-05
2026-01-12 12:50:44.400753+00:00,BTCUSDT,90766.03,9e-05
2026-01-12 12:50:44.401342+00:00,BTCUSDT,90766.03,9e-05
2026-01-12 12:50:44.401924+00:00,BTCUSDT,90766.03,0.00988
2026-01-12 12:50:45.323810+00:00,BTCUSDT,90766.03,0.00017
2026-01-12 12:50:45.730635+00:00,BTCUSDT,90766.03,0.00186
2026-01-12 12:50:45.796419+00:00,BTCUSDT,90766.02,0.00104
2026-01-12 12:50:45.879327+00:00,BTCUSDT,90766.03,0.0011
2026-01-12 12:50:46.755874+00:00,BTCUSDT,90766.02,0.00051
2026-01-12 12:50:46.759205+00:00,BTCUSDT,90766.03,0.00163
2026-01-12 12:50:47.169183+00:00,BTCUSDT,90766.03,0.00091
2026-01-12 12:50:47.376946+00:00,BTCUSDT,90766.03,0.00059
2026-01-12 12:50:47.540683+00:00,BTCUSDT,90766.03,0.00089
2026-01-12 12:50:47.735054+00:00,BTCUSDT,90766.02,0.00024
2026-01-12 12:50:48.291783+00:00,BTCUSDT,90766.03,0.00052
2026-01-12 12:50:49.304620+00:00,BTCUSDT,90766.03,0.00331
2026-01-12 12:50:49.829822+00:00,BTCUSDT,90766.03,0.00016
2026-01-12 12:50:49.852034+00:00,BTCUSDT,90766.03,0.0005
2026-01-12 12:50:49.862895+00:00,BTCUSDT,90766.03,0.00553
2026-01-12 12:50:50.441155+00:00,BTCUSDT,90766.03,0.0111
2026-01-12 12:50:50.443667+00:00,BTCUSDT,90766.03,0.01102
2026-01-12 12:50:50.445683+00:00,BTCUSDT,90766.02,0.02117
2026-01-12 12:50:50.925601+00:00,BTCUSDT,90766.02,0.00052
2026-01-12 12:50:50.944533+00:00,BTCUSDT,90766.02,9e-05
2026-01-12 12:50:51.013161+00:00,BTCUSDT,90766.03,9e-05
2026-01-12 12:50:54.337297+00:00,BTCUSDT,90766.03,0.00049
2026-01-12 12:50:54.363575+00:00,BTCUSDT,90766.02,0.00021
2026-01-12 12:50:55.151033+00:00,BTCUSDT,90766.03,0.00131
2026-01-12 12:50:55.641598+00:00,BTCUSDT,90766.03,0.00258
2026-01-12 12:50:55.681419+00:00,BTCUSDT,90766.03,0.00021
2026-01-12 12:50:55.839645+00:00,BTCUSDT,90766.03,0.00051
2026-01-12 12:50:56.476018+00:00,BTCUSDT,90766.03,6e-05
2026-01-12 12:50:56.478089+00:00,BTCUSDT,90766.03,6e-05
2026-01-12 12:50:56.479117+00:00,BTCUSDT,90766.03,6e-05
2026-01-12 12:50:56.479993+00:00,BTCUSDT,90766.03,6e-05
2026-01-12 12:50:56.480824+00:00,BTCUSDT,90766.03,0.00012
2026-01-12 12:50:56.481776+00:00,BTCUSDT,90766.03,6e-05
2026-01-12 12:50:56.482614+00:00,BTCUSDT,90766.03,6e-05
2026-01-12 12:50:56.483258+00:00,BTCUSDT,90766.03,6e-05
2026-01-12 12:50:56.483881+00:00,BTCUSDT,90766.03,6e-05
2026-01-12 12:50:56.484486+00:00,BTCUSDT,90766.03,6e-05
2026-01-12 12:50:56.485056+00:00,BTCUSDT,90766.03,0.00012
2026-01-12 12:50:56.485648+00:00,BTCUSDT,90766.03,6e-05
2026-01-12 12:50:56.486223+00:00,BTCUSDT,90766.03,6e-05
2026-01-12 12:50:56.486852+00:00,BTCUSDT,90766.03,6e-05
2026-01-12 12:50:56.487476+00:00,BTCUSDT,90766.03,6e-05
2026-01-12 12:50:56.488027+00:00,BTCUSDT,90766.03,6e-05
2026-01-12 12:50:56.488607+00:00,BTCUSDT,90766.03,6e-05
2026-01-12 12:50:56.489250+00:00,BTCUSDT,90766.03,9e-05
2026-01-12 12:50:56.489907+00:00,BTCUSDT,90766.03,9e-05
2026-01-12 12:50:56.490520+00:00,BTCUSDT,90766.03,9e-05
2026-01-12 12:50:56.491049+00:00,BTCUSDT,90766.03,6e-05
2026-01-12 12:50:56.491609+00:00,BTCUSDT,90766.03,9e-05
2026-01-12 12:50:56.492140+00:00,BTCUSDT,90766.03,0.025
2026-01-12 12:50:56.492633+00:00,BTCUSDT,90766.03,0.00096
2026-01-12 12:50:56.493122+00:00,BTCUSDT,90766.03,9e-05
2026-01-12 12:50:56.493617+00:00,BTCUSDT,90766.03,9e-05
2026-01-12 12:50:56.494069+00:00,BTCUSDT,90766.03,9e-05
2026-01-12 12:50:56.494545+00:00,BTCUSDT,90766.03,9e-05
2026-01-12 12:50:56.495006+00:00,BTCUSDT,90766.03,0.00021
2026-01-12 12:50:56.495546+00:00,BTCUSDT,90766.03,9e-05
2026-01-12 12:50:56.496027+00:00,BTCUSDT,90766.03,6e-05
2026-01-12 12:50:56.496554+00:00,BTCUSDT,90766.03,9e-05
2026-01-12 12:50:56.497146+00:00,BTCUSDT,90766.03,0.00013
2026-01-12 12:50:56.497640+00:00,BTCUSDT,90766.03,9e-05
2026-01-12 12:50:56.498147+00:00,BTCUSDT,90766.03,0.16295
2026-01-12 12:50:56.498911+00:00,BTCUSDT,90766.03,6e-05
2026-01-12 12:50:56.499464+00:00,BTCUSDT,90766.03,6e-05
2026-01-12 12:50:56.499956+00:00,BTCUSDT,90766.03,6e-05
2026-01-12 12:50:56.500455+00:00,BTCUSDT,90766.03,6e-05
2026-01-12 12:50:56.500947+00:00,BTCUSDT,90766.03,6e-05
2026-01-12 12:50:56.501483+00:00,BTCUSDT,90766.03,0.0009
2026-01-12 12:50:56.501996+00:00,BTCUSDT,90766.03,0.0006
2026-01-12 12:50:56.502511+00:00,BTCUSDT,90766.03,0.00088
2026-01-12 12:50:56.502940+00:00,BTCUSDT,90766.03,0.0005
2026-01-12 12:50:56.503408+00:00,BTCUSDT,90766.03,6e-05
2026-01-12 12:50:56.503859+00:00,BTCUSDT,90766.03,6e-05
2026-01-12 12:50:56.504300+00:00,BTCUSDT,90766.03,6e-05
2026-01-12 12:50:56.504684+00:00,BTCUSDT,90766.03,0.07469
2026-01-12 12:50:56.505050+00:00,BTCUSDT,90766.03,0.00011
2026-01-12 12:50:56.505448+00:00,BTCUSDT,90766.03,6e-05
2026-01-12 12:50:56.505847+00:00,BTCUSDT,90766.03,6e-05
2026-01-12 12:50:56.506234+00:00,BTCUSDT,90766.03,6e-05
2026-01-12 12:50:56.506611+00:00,BTCUSDT,90766.03,6e-05
2026-01-12 12:50:56.506985+00:00,BTCUSDT,90766.03,6e-05
2026-01-12 12:50:56.507376+00:00,BTCUSDT,90766.03,6e-05
2026-01-12 12:50:56.507740+00:00,BTCUSDT,90766.03,6e-05
2026-01-12 12:50:56.508127+00:00,BTCUSDT,90766.03,6e-05
2026-01-12 12:50:56.508523+00:00,BTCUSDT,90766.03,6e-05
2026-01-12 12:50:56.508905+00:00,BTCUSDT,90766.03,6e-05
2026-01-12 12:50:56.509326+00:00,BTCUSDT,90766.03,6e-05
2026-01-12 12:50:56.509783+00:00,BTCUSDT,90766.03,6e-05
2026-01-12 12:50:56.510219+00:00,BTCUSDT,90766.03,6e-05
2026-01-12 12:50:56.510650+00:00,BTCUSDT,90766.04,9e-05
2026-01-12 12:50:56.511060+00:00,BTCUSDT,90766.04,6e-05
2026-01-12 12:50:56.511457+00:00,BTCUSDT,90766.04,6e-05
2026-01-12 12:50:56.511819+00:00,BTCUSDT,90766.04,6e-05
2026-01-12 12:50:56.512201+00:00,BTCUSDT,90766.04,6e-05
2026-01-12 12:50:56.512602+00:00,BTCUSDT,90766.04,6e-05
2026-01-12 12:50:56.513014+00:00,BTCUSDT,90766.04,6e-05
2026-01-12 12:50:56.513525+00:00,BTCUSDT,90766.04,6e-05
2026-01-12 12:50:56.513932+00:00,BTCUSDT,90766.04,6e-05
2026-01-12 12:50:56.514346+00:00,BTCUSDT,90766.26,0.0002
2026-01-12 12:50:56.514693+00:00,BTCUSDT,90766.28,0.0002
2026-01-12 12:50:56.515023+00:00,BTCUSDT,90766.4,7e-05
2026-01-12 12:50:56.515369+00:00,BTCUSDT,90767.0,6e-05
2026-01-12 12:50:56.515742+00:00,BTCUSDT,90767.61,6e-05
2026-01-12 12:50:56.516881+00:00,BTCUSDT,90767.61,0.00042
2026-01-12 12:50:56.517302+00:00,BTCUSDT,90767.61,9e-05
2026-01-12 12:50:56.517680+00:00,BTCUSDT,90767.61,6e-05
2026-01-12 12:50:56.518033+00:00,BTCUSDT,90767.61,6e-05
2026-01-12 12:50:56.518403+00:00,BTCUSDT,90767.61,6e-05
2026-01-12 12:50:56.518727+00:00,BTCUSDT,90767.61,6e-05
2026-01-12 12:50:56.519047+00:00,BTCUSDT,90767.61,6e-05
2026-01-12 12:50:56.519451+00:00,BTCUSDT,90767.95,6e-05
2026-01-12 12:50:56.519783+00:00,BTCUSDT,90768.0,0.001
2026-01-12 12:50:56.520114+00:00,BTCUSDT,90768.0,0.0008
2026-01-12 12:50:56.520463+00:00,BTCUSDT,90768.14,6e-05
2026-01-12 12:50:56.520808+00:00,BTCUSDT,90768.67,6e-05
2026-01-12 12:50:56.521129+00:00,BTCUSDT,90769.12,7e-05
2026-01-12 12:50:56.521491+00:00,BTCUSDT,90770.0,0.003
2026-01-12 12:50:56.521836+00:00,BTCUSDT,90770.0,0.001
2026-01-12 12:50:56.522185+00:00,BTCUSDT,90770.0,0.00026
2026-01-12 12:50:56.522556+00:00,BTCUSDT,90770.0,0.00054
2026-01-12 12:50:56.701681+00:00,BTCUSDT,90770.0,9e-05
2026-01-12 12:50:56.703427+00:00,BTCUSDT,90770.0,9e-05
2026-01-12 12:50:56.704294+00:00,BTCUSDT,90770.0,9e-05
2026-01-12 12:50:56.705222+00:00,BTCUSDT,90770.0,9e-05
2026-01-12 12:50:56.705987+00:00,BTCUSDT,90770.49,0.0025
2026-01-12 12:50:56.706686+00:00,BTCUSDT,90770.49,6e-05
2026-01-12 12:50:56.707324+00:00,BTCUSDT,90770.49,9e-05
2026-01-12 12:50:56.708043+00:00,BTCUSDT,90770.49,6e-05
2026-01-12 12:50:56.709092+00:00,BTCUSDT,90770.49,6e-05
2026-01-12 12:50:56.709767+00:00,BTCUSDT,90770.51,6e-05
2026-01-12 12:50:56.710484+00:00,BTCUSDT,90770.51,6e-05
2026-01-12 12:50:56.711259+00:00,BTCUSDT,90770.51,6e-05
2026-01-12 12:50:56.711937+00:00,BTCUSDT,90770.52,6e-05
2026-01-12 12:50:56.712666+00:00,BTCUSDT,90770.52,6e-05
2026-01-12 12:50:56.713317+00:00,BTCUSDT,90770.53,6e-05
2026-01-12 12:50:56.713995+00:00,BTCUSDT,90770.66,6e-05
2026-01-12 12:50:56.714706+00:00,BTCUSDT,90770.66,6e-05
2026-01-12 12:50:56.715267+00:00,BTCUSDT,90770.66,6e-05
2026-01-12 12:50:56.715841+00:00,BTCUSDT,90770.67,6e-05
2026-01-12 12:50:56.716402+00:00,BTCUSDT,90770.67,6e-05
2026-01-12 12:50:56.755866+00:00,BTCUSDT,90770.89,0.00176
2026-01-12 12:50:56.756992+00:00,BTCUSDT,90770.89,6e-05
2026-01-12 12:50:56.757671+00:00,BTCUSDT,90770.89,6e-05
2026-01-12 12:50:56.758408+00:00,BTCUSDT,90770.89,6e-05
2026-01-12 12:50:56.759106+00:00,BTCUSDT,90770.89,6e-05
2026-01-12 12:50:56.768977+00:00,BTCUSDT,90770.89,6e-05
2026-01-12 12:50:56.770028+00:00,BTCUSDT,90770.89,6e-05
2026-01-12 12:50:56.770853+00:00,BTCUSDT,90770.89,6e-05
2026-01-12 12:50:56.771563+00:00,BTCUSDT,90770.89,6e-05
2026-01-12 12:50:56.772240+00:00,BTCUSDT,90770.89,6e-05
2026-01-12 12:50:56.772972+00:00,BTCUSDT,90771.54,6e-05
2026-01-12 12:50:56.773649+00:00,BTCUSDT,90771.54,6e-05
2026-01-12 12:50:56.774304+00:00,BTCUSDT,90771.54,6e-05
2026-01-12 12:50:56.774879+00:00,BTCUSDT,90771.6,9e-05
2026-01-12 12:50:56.775471+00:00,BTCUSDT,90771.6,9e-05
2026-01-12 12:50:56.776008+00:00,BTCUSDT,90771.68,0.00012
2026-01-12 12:50:56.776625+00:00,BTCUSDT,90771.81,6e-05
2026-01-12 12:50:56.777199+00:00,BTCUSDT,90771.81,6e-05
2026-01-12 12:50:56.777852+00:00,BTCUSDT,90771.84,7e-05
2026-01-12 12:50:56.778458+00:00,BTCUSDT,90772.0,0.001
2026-01-12 12:50:56.779086+00:00,BTCUSDT,90772.0,0.0008
2026-01-12 12:50:57.098289+00:00,BTCUSDT,90772.5,6e-05
2026-01-12 12:50:57.098901+00:00,BTCUSDT,90772.5,6e-05
2026-01-12 12:50:57.099476+00:00,BTCUSDT,90772.5,6e-05
2026-01-12 12:50:57.100301+00:00,BTCUSDT,90772.5,6e-05
2026-01-12 12:50:57.100913+00:00,BTCUSDT,90772.5,6e-05
2026-01-12 12:50:57.101529+00:00,BTCUSDT,90772.5,6e-05
2026-01-12 12:50:57.102154+00:00,BTCUSDT,90772.5,6e-05
2026-01-12 12:50:57.102729+00:00,BTCUSDT,90772.76,0.0025
2026-01-12 12:50:57.103301+00:00,BTCUSDT,90772.76,6e-05
2026-01-12 12:50:57.103833+00:00,BTCUSDT,90772.76,6e-05
2026-01-12 12:50:57.104320+00:00,BTCUSDT,90772.76,6e-05
2026-01-12 12:50:57.104885+00:00,BTCUSDT,90772.84,0.00047
2026-01-12 12:50:57.105491+00:00,BTCUSDT,90772.84,6e-05
2026-01-12 12:50:57.105990+00:00,BTCUSDT,90772.84,6e-05
2026-01-12 12:50:57.106504+00:00,BTCUSDT,90772.84,6e-05
2026-01-12 12:50:57.107002+00:00,BTCUSDT,90772.92,0.00048
2026-01-12 12:50:57.107542+00:00,BTCUSDT,90772.92,6e-05
2026-01-12 12:50:57.108047+00:00,BTCUSDT,90772.92,6e-05
2026-01-12 12:50:57.108575+00:00,BTCUSDT,90772.92,6e-05
2026-01-12 12:50:57.109064+00:00,BTCUSDT,90772.92,6e-05
2026-01-12 12:50:57.109560+00:00,BTCUSDT,90772.92,6e-05
2026-01-12 12:50:57.110052+00:00,BTCUSDT,90772.94,6e-05
2026-01-12 12:50:57.110550+00:00,BTCUSDT,90772.94,6e-05
2026-01-12 12:50:57.111016+00:00,BTCUSDT,90772.95,6e-05
2026-01-12 12:50:57.111541+00:00,BTCUSDT,90772.95,6e-05
2026-01-12 12:50:57.112031+00:00,BTCUSDT,90773.18,0.00024
2026-01-12 12:50:57.112576+00:00,BTCUSDT,90773.5,6e-05
2026-01-12 12:50:57.113015+00:00,BTCUSDT,90773.53,6e-05
2026-01-12 12:50:57.113467+00:00,BTCUSDT,90773.53,6e-05
2026-01-12 12:50:57.113862+00:00,BTCUSDT,90773.53,6e-05
2026-01-12 12:50:57.114315+00:00,BTCUSDT,90773.64,6e-05
2026-01-12 12:50:57.114743+00:00,BTCUSDT,90773.93,0.0013
2026-01-12 12:50:57.386455+00:00,BTCUSDT,90773.93,0.022
2026-01-12 12:50:57.387792+00:00,BTCUSDT,90774.0,0.001
2026-01-12 12:50:57.388501+00:00,BTCUSDT,90774.0,0.0008
2026-01-12 12:50:57.389336+00:00,BTCUSDT,90774.09,6e-05
2026-01-12 12:50:57.390045+00:00,BTCUSDT,90774.09,6e-05
2026-01-12 12:50:57.390756+00:00,BTCUSDT,90774.09,6e-05
2026-01-12 12:50:57.391443+00:00,BTCUSDT,90774.09,6e-05
2026-01-12 12:50:57.392093+00:00,BTCUSDT,90774.09,6e-05
2026-01-12 12:50:57.392747+00:00,BTCUSDT,90774.16,6e-05
2026-01-12 12:50:57.393401+00:00,BTCUSDT,90774.16,6e-05
2026-01-12 12:50:57.393974+00:00,BTCUSDT,90774.16,6e-05
2026-01-12 12:50:57.394654+00:00,BTCUSDT,90774.17,6e-05
2026-01-12 12:50:57.395257+00:00,BTCUSDT,90774.17,6e-05
2026-01-12 12:50:57.395833+00:00,BTCUSDT,90774.27,6e-05
2026-01-12 12:50:57.396454+00:00,BTCUSDT,90774.27,6e-05
2026-01-12 12:50:57.397146+00:00,BTCUSDT,90774.27,6e-05
2026-01-12 12:50:57.397766+00:00,BTCUSDT,90774.28,6e-05
2026-01-12 12:50:57.398533+00:00,BTCUSDT,90774.28,6e-05
2026-01-12 12:50:57.399152+00:00,BTCUSDT,90774.56,7e-05
2026-01-12 12:50:57.399751+00:00,BTCUSDT,90775.03,0.0025
2026-01-12 12:50:57.400295+00:00,BTCUSDT,90775.42,0.003
2026-01-12 12:50:57.400877+00:00,BTCUSDT,90775.9,0.0007
2026-01-12 12:50:57.401412+00:00,BTCUSDT,90776.0,0.001
2026-01-12 12:50:57.402029+00:00,BTCUSDT,90776.0,0.0008
2026-01-12 12:50:57.402617+00:00,BTCUSDT,90776.16,0.00028
2026-01-12 12:50:57.403234+00:00,BTCUSDT,90776.16,0.0016
2026-01-12 12:50:57.403794+00:00,BTCUSDT,90776.33,0.00048
2026-01-12 12:50:57.404422+00:00,BTCUSDT,90776.87,6e-05
2026-01-12 12:50:57.404983+00:00,BTCUSDT,90776.92,0.00176
2026-01-12 12:50:57.405589+00:00,BTCUSDT,90777.05,6e-05
2026-01-12 12:50:57.406205+00:00,BTCUSDT,90777.18,6e-05
2026-01-12 12:50:57.406709+00:00,BTCUSDT,90777.22,0.0088
2026-01-12 12:50:57.407215+00:00,BTCUSDT,90777.28,7e-05
2026-01-12 12:50:57.408071+00:00,BTCUSDT,90777.3,0.0025
2026-01-12 12:50:57.408601+00:00,BTCUSDT,90777.72,0.00024
2026-01-12 12:50:57.409118+00:00,BTCUSDT,90777.77,6e-05
2026-01-12 12:50:57.409652+00:00,BTCUSDT,90777.89,0.01736
2026-01-12 12:50:57.410195+00:00,BTCUSDT,90777.89,0.00188
2026-01-12 12:50:57.410715+00:00,BTCUSDT,90777.89,0.00641
2026-01-12 12:50:57.411277+00:00,BTCUSDT,90777.89,0.01635
2026-01-12 12:50:57.411791+00:00,BTCUSDT,90777.93,0.01028
2026-01-12 12:50:57.412305+00:00,BTCUSDT,90777.93,0.02472
2026-01-12 12:50:57.412788+00:00,BTCUSDT,90778.0,0.001
2026-01-12 12:50:57.413272+00:00,BTCUSDT,90778.0,0.0008
2026-01-12 12:50:57.413775+00:00,BTCUSDT,90778.46,0.00012
2026-01-12 12:50:57.414338+00:00,BTCUSDT,90778.49,0.00641
2026-01-12 12:50:57.414842+00:00,BTCUSDT,90778.49,0.00059
2026-01-12 12:50:57.415336+00:00,BTCUSDT,90778.49,0.02023
2026-01-12 12:50:57.415832+00:00,BTCUSDT,90778.49,0.01221
2026-01-12 12:50:57.416316+00:00,BTCUSDT,90778.49,0.00256
2026-01-12 12:50:57.416808+00:00,BTCUSDT,90778.73,0.00055
2026-01-12 12:50:57.417331+00:00,BTCUSDT,90779.07,0.003
2026-01-12 12:50:57.417870+00:00,BTCUSDT,90779.35,0.01592
2026-01-12 12:50:57.418319+00:00,BTCUSDT,90779.35,0.01101
2026-01-12 12:50:57.498514+00:00,BTCUSDT,90779.35,6e-05
2026-01-12 12:50:57.499871+00:00,BTCUSDT,90779.57,0.0025
2026-01-12 12:50:57.500833+00:00,BTCUSDT,90780.0,0.003
2026-01-12 12:50:57.501599+00:00,BTCUSDT,90780.0,0.001
2026-01-12 12:50:57.502355+00:00,BTCUSDT,90780.0,5e-05
2026-01-12 12:50:57.503090+00:00,BTCUSDT,90780.0,0.00075
2026-01-12 12:50:57.503790+00:00,BTCUSDT,90780.0,7e-05
2026-01-12 12:50:57.504489+00:00,BTCUSDT,90780.0,0.02121
2026-01-12 12:50:57.505262+00:00,BTCUSDT,90780.0,0.0004
2026-01-12 12:50:57.505928+00:00,BTCUSDT,90780.0,0.0004
2026-01-12 12:50:57.506629+00:00,BTCUSDT,90780.0,0.00129
2026-01-12 12:50:57.507311+00:00,BTCUSDT,90780.0,0.00661
2026-01-12 12:50:57.619185+00:00,BTCUSDT,90780.0,0.00208
2026-01-12 12:50:57.621310+00:00,BTCUSDT,90780.0,0.00246
2026-01-12 12:50:57.622459+00:00,BTCUSDT,90780.0,0.00204
2026-01-12 12:50:57.623314+00:00,BTCUSDT,90780.0,0.0039
2026-01-12 12:50:57.624098+00:00,BTCUSDT,90780.0,0.00022
2026-01-12 12:50:57.624913+00:00,BTCUSDT,90780.0,0.00109
2026-01-12 12:50:57.625753+00:00,BTCUSDT,90780.0,0.0014
2026-01-12 12:50:57.626522+00:00,BTCUSDT,90780.0,0.00183
2026-01-12 12:50:57.627280+00:00,BTCUSDT,90780.0,0.01322
2026-01-12 12:50:57.627948+00:00,BTCUSDT,90780.0,0.0055
2026-01-12 12:50:57.628689+00:00,BTCUSDT,90780.0,0.00367
2026-01-12 12:50:57.629497+00:00,BTCUSDT,90780.0,0.0055
2026-01-12 12:50:57.630281+00:00,BTCUSDT,90780.0,0.0055
2026-01-12 12:50:57.631004+00:00,BTCUSDT,90780.0,0.0055
2026-01-12 12:50:57.631764+00:00,BTCUSDT,90780.0,0.0111
2026-01-12 12:50:57.720637+00:00,BTCUSDT,90780.0,0.00161
2026-01-12 12:50:57.721917+00:00,BTCUSDT,90780.0,0.01825
2026-01-12 12:50:57.723260+00:00,BTCUSDT,90780.0,0.0004
2026-01-12 12:50:57.724378+00:00,BTCUSDT,90780.0,0.0056
2026-01-12 12:50:57.725166+00:00,BTCUSDT,90780.0,0.0088
2026-01-12 12:50:58.066937+00:00,BTCUSDT,90780.0,6e-05
2026-01-12 12:50:58.067372+00:00,BTCUSDT,90780.0,6e-05
2026-01-12 12:50:58.067792+00:00,BTCUSDT,90780.0,6e-05
2026-01-12 12:50:58.068213+00:00,BTCUSDT,90780.0,6e-05
2026-01-12 12:50:58.068637+00:00,BTCUSDT,90780.0,6e-05
2026-01-12 12:50:58.069054+00:00,BTCUSDT,90780.0,6e-05
2026-01-12 12:50:58.069535+00:00,BTCUSDT,90780.0,6e-05
2026-01-12 12:50:58.069957+00:00,BTCUSDT,90780.0,6e-05
2026-01-12 12:50:58.070715+00:00,BTCUSDT,90780.0,0.00613
2026-01-12 12:50:58.353568+00:00,BTCUSDT,90780.0,0.00252
2026-01-12 12:50:58.354917+00:00,BTCUSDT,90780.0,0.00654
2026-01-12 12:50:58.355883+00:00,BTCUSDT,90780.0,9e-05
2026-01-12 12:50:58.356752+00:00,BTCUSDT,90780.0,9e-05
2026-01-12 12:50:58.357462+00:00,BTCUSDT,90780.0,9e-05
2026-01-12 12:50:58.358103+00:00,BTCUSDT,90780.0,0.00012
2026-01-12 12:50:58.358697+00:00,BTCUSDT,90780.0,6e-05
2026-01-12 12:50:58.359307+00:00,BTCUSDT,90780.0,6e-05
2026-01-12 12:50:58.359911+00:00,BTCUSDT,90780.0,9e-05
2026-01-12 12:50:58.360534+00:00,BTCUSDT,90780.0,9e-05
2026-01-12 12:50:58.361093+00:00,BTCUSDT,90780.0,9e-05
2026-01-12 12:50:58.361670+00:00,BTCUSDT,90780.0,6e-05
2026-01-12 12:50:58.362245+00:00,BTCUSDT,90780.0,6e-05
2026-01-12 12:50:58.362980+00:00,BTCUSDT,90780.0,6e-05
2026-01-12 12:50:58.363585+00:00,BTCUSDT,90780.0,6e-05
2026-01-12 12:50:58.364150+00:00,BTCUSDT,90780.0,6e-05
2026-01-12 12:50:58.364764+00:00,BTCUSDT,90780.0,0.00012
2026-01-12 12:50:58.365460+00:00,BTCUSDT,90780.0,6e-05
2026-01-12 12:50:58.366104+00:00,BTCUSDT,90780.0,0.00024
2026-01-12 12:50:58.366724+00:00,BTCUSDT,90780.0,0.00024
2026-01-12 12:50:58.367320+00:00,BTCUSDT,90780.0,6e-05
2026-01-12 12:50:58.367874+00:00,BTCUSDT,90780.0,9e-05
2026-01-12 12:50:58.368381+00:00,BTCUSDT,90780.0,6e-05
2026-01-12 12:50:58.368894+00:00,BTCUSDT,90780.0,9e-05
2026-01-12 12:50:58.369362+00:00,BTCUSDT,90780.0,9e-05
2026-01-12 12:50:58.369838+00:00,BTCUSDT,90780.0,6e-05
2026-01-12 12:50:58.370349+00:00,BTCUSDT,90780.0,6e-05
2026-01-12 12:50:58.370885+00:00,BTCUSDT,90780.0,6e-05
2026-01-12 12:50:58.371447+00:00,BTCUSDT,90780.0,6e-05
2026-01-12 12:50:58.371987+00:00,BTCUSDT,90780.0,9e-05
2026-01-12 12:50:58.372527+00:00,BTCUSDT,90780.0,6e-05
2026-01-12 12:50:58.373032+00:00,BTCUSDT,90780.0,6e-05
2026-01-12 12:50:58.373546+00:00,BTCUSDT,90780.0,6e-05
2026-01-12 12:50:58.374043+00:00,BTCUSDT,90780.0,6e-05
2026-01-12 12:50:58.374638+00:00,BTCUSDT,90780.0,6e-05
2026-01-12 12:50:58.375137+00:00,BTCUSDT,90780.0,0.02374
2026-01-12 12:50:58.375663+00:00,BTCUSDT,90780.0,0.00187
2026-01-12 12:50:58.376180+00:00,BTCUSDT,90780.0,0.02719
2026-01-12 12:50:58.376671+00:00,BTCUSDT,90780.0,0.0014
2026-01-12 12:50:58.377176+00:00,BTCUSDT,90780.0,6e-05
2026-01-12 12:50:58.377638+00:00,BTCUSDT,90780.0,6e-05
2026-01-12 12:50:58.378073+00:00,BTCUSDT,90780.01,6e-05
2026-01-12 12:50:58.378525+00:00,BTCUSDT,90780.01,9e-05
2026-01-12 12:50:58.378970+00:00,BTCUSDT,90780.01,6e-05
2026-01-12 12:50:58.379382+00:00,BTCUSDT,90780.01,6e-05
2026-01-12 12:50:58.379800+00:00,BTCUSDT,90780.01,6e-05
2026-01-12 12:50:58.380256+00:00,BTCUSDT,90780.01,6e-05
2026-01-12 12:50:58.380672+00:00,BTCUSDT,90780.01,6e-05
2026-01-12 12:50:58.381095+00:00,BTCUSDT,90780.01,6e-05
2026-01-12 12:50:58.381556+00:00,BTCUSDT,90780.01,6e-05
2026-01-12 12:50:58.381995+00:00,BTCUSDT,90780.01,6e-05
2026-01-12 12:50:58.382496+00:00,BTCUSDT,90780.01,6e-05
2026-01-12 12:50:58.382922+00:00,BTCUSDT,90780.01,6e-05
2026-01-12 12:50:58.383343+00:00,BTCUSDT,90780.01,6e-05
2026-01-12 12:50:58.383782+00:00,BTCUSDT,90780.01,6e-05
2026-01-12 12:50:58.384204+00:00,BTCUSDT,90780.01,6e-05
2026-01-12 12:50:58.384617+00:00,BTCUSDT,90780.01,6e-05
2026-01-12 12:50:58.385029+00:00,BTCUSDT,90780.03,6e-05
2026-01-12 12:50:58.385478+00:00,BTCUSDT,90780.41,7e-05
2026-01-12 12:50:58.385869+00:00,BTCUSDT,90780.64,9e-05
2026-01-12 12:50:58.386309+00:00,BTCUSDT,90781.36,6e-05
2026-01-12 12:50:58.386987+00:00,BTCUSDT,90781.36,6e-05
2026-01-12 12:50:58.387437+00:00,BTCUSDT,90781.36,6e-05
2026-01-12 12:50:58.387831+00:00,BTCUSDT,90781.53,0.00107
2026-01-12 12:50:58.388205+00:00,BTCUSDT,90781.53,0.00152
2026-01-12 12:50:58.388587+00:00,BTCUSDT,90781.53,9e-05
2026-01-12 12:50:58.388974+00:00,BTCUSDT,90781.6,6e-05
2026-01-12 12:50:58.389361+00:00,BTCUSDT,90781.63,2e-05
2026-01-12 12:50:58.672384+00:00,BTCUSDT,90781.63,5e-05
2026-01-12 12:50:58.673157+00:00,BTCUSDT,90781.63,6e-05
2026-01-12 12:50:58.673768+00:00,BTCUSDT,90781.63,6e-05
2026-01-12 12:50:58.674320+00:00,BTCUSDT,90781.63,6e-05
2026-01-12 12:50:58.674906+00:00,BTCUSDT,90781.63,6e-05
2026-01-12 12:50:58.675483+00:00,BTCUSDT,90781.63,6e-05
2026-01-12 12:50:58.676097+00:00,BTCUSDT,90781.63,6e-05
2026-01-12 12:50:58.676665+00:00,BTCUSDT,90781.63,6e-05
2026-01-12 12:50:58.677207+00:00,BTCUSDT,90781.63,6e-05
2026-01-12 12:50:58.677789+00:00,BTCUSDT,90781.69,6e-05
2026-01-12 12:50:58.678358+00:00,BTCUSDT,90781.69,6e-05
2026-01-12 12:50:58.678936+00:00,BTCUSDT,90781.69,6e-05
2026-01-12 12:50:58.679541+00:00,BTCUSDT,90781.75,6e-05
2026-01-12 12:50:58.680107+00:00,BTCUSDT,90781.75,6e-05
2026-01-12 12:50:58.680671+00:00,BTCUSDT,90781.75,6e-05
2026-01-12 12:50:58.681215+00:00,BTCUSDT,90781.76,0.0088
2026-01-12 12:50:58.681699+00:00,BTCUSDT,90781.76,6e-05
2026-01-12 12:50:58.682206+00:00,BTCUSDT,90781.76,6e-05
2026-01-12 12:50:58.682644+00:00,BTCUSDT,90781.76,6e-05
2026-01-12 12:50:58.683079+00:00,BTCUSDT,90781.76,6e-05
2026-01-12 12:50:58.683553+00:00,BTCUSDT,90781.76,6e-05
2026-01-12 12:50:58.683998+00:00,BTCUSDT,90781.84,0.0025
2026-01-12 12:50:58.684508+00:00,BTCUSDT,90781.99,6e-05
2026-01-12 12:50:58.685055+00:00,BTCUSDT,90781.99,6e-05
2026-01-12 12:50:58.685576+00:00,BTCUSDT,90781.99,6e-05
2026-01-12 12:50:58.686059+00:00,BTCUSDT,90782.0,0.001
2026-01-12 12:50:58.686507+00:00,BTCUSDT,90782.0,0.0008
2026-01-12 12:50:58.686955+00:00,BTCUSDT,90782.14,0.00904
2026-01-12 12:50:58.687410+00:00,BTCUSDT,90782.19,6e-05
2026-01-12 12:50:58.687877+00:00,BTCUSDT,90782.36,0.0011
2026-01-12 12:50:58.688610+00:00,BTCUSDT,90782.36,6e-05
2026-01-12 12:50:58.689153+00:00,BTCUSDT,90782.36,6e-05
2026-01-12 12:50:58.689642+00:00,BTCUSDT,90782.36,6e-05
2026-01-12 12:50:58.690106+00:00,BTCUSDT,90782.42,6e-05
2026-01-12 12:50:58.690649+00:00,BTCUSDT,90782.42,6e-05
2026-01-12 12:50:58.691138+00:00,BTCUSDT,90782.42,6e-05
2026-01-12 12:50:58.691589+00:00,BTCUSDT,90782.43,0.0063
2026-01-12 12:50:58.959229+00:00,BTCUSDT,90782.43,6e-05
2026-01-12 12:50:58.960073+00:00,BTCUSDT,90782.43,6e-05
2026-01-12 12:50:58.960763+00:00,BTCUSDT,90782.43,0.01986
2026-01-12 12:50:58.963090+00:00,BTCUSDT,90782.43,9e-05
2026-01-12 12:50:58.963723+00:00,BTCUSDT,90782.43,9e-05
2026-01-12 12:50:58.964251+00:00,BTCUSDT,90782.43,9e-05
2026-01-12 12:50:58.964782+00:00,BTCUSDT,90782.43,0.00072
2026-01-12 12:50:58.965985+00:00,BTCUSDT,90782.43,0.00638
2026-01-12 12:50:59.084447+00:00,BTCUSDT,90782.42,0.0029
2026-01-12 12:50:59.084779+00:00,BTCUSDT,90782.42,0.00051
2026-01-12 12:51:01.956713+00:00,BTCUSDT,90782.42,6e-05
2026-01-12 12:51:02.273819+00:00,BTCUSDT,90782.43,7e-05
2026-01-12 12:51:03.698314+00:00,BTCUSDT,90782.43,6e-05
2026-01-12 12:51:03.698896+00:00,BTCUSDT,90782.43,6e-05
2026-01-12 12:51:03.699404+00:00,BTCUSDT,90782.43,6e-05
2026-01-12 12:51:03.699944+00:00,BTCUSDT,90782.43,6e-05
2026-01-12 12:51:03.700548+00:00,BTCUSDT,90782.43,6e-05
2026-01-12 12:51:03.701058+00:00,BTCUSDT,90782.43,9e-05
2026-01-12 12:51:03.701594+00:00,BTCUSDT,90782.43,9e-05
2026-01-12 12:51:03.702068+00:00,BTCUSDT,90782.43,9e-05
2026-01-12 12:51:03.702574+00:00,BTCUSDT,90782.43,0.00012
2026-01-12 12:51:03.703112+00:00,BTCUSDT,90782.43,6e-05
2026-01-12 12:51:03.703651+00:00,BTCUSDT,90782.43,6e-05
2026-01-12 12:51:03.704122+00:00,BTCUSDT,90782.43,6e-05
2026-01-12 12:51:03.704624+00:00,BTCUSDT,90782.43,6e-05
2026-01-12 12:51:03.705077+00:00,BTCUSDT,90782.43,6e-05
2026-01-12 12:51:03.705546+00:00,BTCUSDT,90782.43,6e-05
2026-01-12 12:51:03.706010+00:00,BTCUSDT,90782.43,6e-05
2026-01-12 12:51:03.706466+00:00,BTCUSDT,90782.43,0.00011
2026-01-12 12:51:03.706882+00:00,BTCUSDT,90782.43,0.00012
2026-01-12 12:51:03.707435+00:00,BTCUSDT,90782.43,0.00017
2026-01-12 12:51:03.708252+00:00,BTCUSDT,90782.43,6e-05
2026-01-12 12:51:03.708885+00:00,BTCUSDT,90782.43,0.00092
2026-01-12 12:51:03.709439+00:00,BTCUSDT,90782.43,6e-05
2026-01-12 12:51:03.709887+00:00,BTCUSDT,90782.43,6e-05
2026-01-12 12:51:03.710317+00:00,BTCUSDT,90782.43,6e-05
2026-01-12 12:51:03.710766+00:00,BTCUSDT,90782.43,9e-05
2026-01-12 12:51:03.711255+00:00,BTCUSDT,90782.43,9e-05
2026-01-12 12:51:03.711761+00:00,BTCUSDT,90782.43,9e-05
2026-01-12 12:51:03.712339+00:00,BTCUSDT,90782.43,9e-05
2026-01-12 12:51:03.712837+00:00,BTCUSDT,90782.43,6e-05
2026-01-12 12:51:03.713318+00:00,BTCUSDT,90782.43,6e-05
2026-01-12 12:51:03.713757+00:00,BTCUSDT,90782.43,9e-05
2026-01-12 12:51:03.714213+00:00,BTCUSDT,90782.43,0.0349
2026-01-12 12:51:03.714772+00:00,BTCUSDT,90782.43,9e-05
2026-01-12 12:51:03.715213+00:00,BTCUSDT,90782.43,0.025
2026-01-12 12:51:03.715617+00:00,BTCUSDT,90782.43,0.0342
2026-01-12 12:51:03.716018+00:00,BTCUSDT,90782.43,0.01519
2026-01-12 12:51:03.716471+00:00,BTCUSDT,90782.43,0.00017
2026-01-12 12:51:03.717134+00:00,BTCUSDT,90782.43,6e-05
2026-01-12 12:51:03.717557+00:00,BTCUSDT,90782.43,9e-05
2026-01-12 12:51:03.717962+00:00,BTCUSDT,90782.43,6e-05
2026-01-12 12:51:03.718483+00:00,BTCUSDT,90782.43,6e-05
2026-01-12 12:51:03.718908+00:00,BTCUSDT,90782.43,0.00042
2026-01-12 12:51:03.719394+00:00,BTCUSDT,90782.43,0.13131
2026-01-12 12:51:03.719838+00:00,BTCUSDT,90782.43,6e-05
2026-01-12 12:51:03.720255+00:00,BTCUSDT,90782.43,6e-05
2026-01-12 12:51:03.720697+00:00,BTCUSDT,90782.44,9e-05
2026-01-12 12:51:03.721085+00:00,BTCUSDT,90782.44,6e-05
2026-01-12 12:51:03.721510+00:00,BTCUSDT,90782.44,6e-05
2026-01-12 12:51:03.721907+00:00,BTCUSDT,90782.44,6e-05
2026-01-12 12:51:03.722274+00:00,BTCUSDT,90782.44,6e-05
2026-01-12 12:51:03.722643+00:00,BTCUSDT,90782.44,6e-05
2026-01-12 12:51:03.723007+00:00,BTCUSDT,90782.44,6e-05
2026-01-12 12:51:03.723407+00:00,BTCUSDT,90782.44,6e-05
2026-01-12 12:51:03.723822+00:00,BTCUSDT,90782.44,6e-05
2026-01-12 12:51:03.724236+00:00,BTCUSDT,90782.44,6e-05
2026-01-12 12:51:03.724616+00:00,BTCUSDT,90782.44,6e-05
2026-01-12 12:51:03.725014+00:00,BTCUSDT,90782.44,6e-05
2026-01-12 12:51:03.725473+00:00,BTCUSDT,90782.67,0.0002
2026-01-12 12:51:03.725878+00:00,BTCUSDT,90782.69,0.0002
2026-01-12 12:51:03.726248+00:00,BTCUSDT,90782.72,7e-05
2026-01-12 12:51:03.743219+00:00,BTCUSDT,90782.85,6e-05
2026-01-12 12:51:03.743568+00:00,BTCUSDT,90783.33,6e-05
2026-01-12 12:51:03.743908+00:00,BTCUSDT,90783.33,6e-05
2026-01-12 12:51:03.744253+00:00,BTCUSDT,90783.33,6e-05
2026-01-12 12:51:03.744589+00:00,BTCUSDT,90783.42,0.0055
2026-01-12 12:51:03.744914+00:00,BTCUSDT,90783.42,6e-05
2026-01-12 12:51:03.745210+00:00,BTCUSDT,90783.42,9e-05
2026-01-12 12:51:03.745520+00:00,BTCUSDT,90783.42,6e-05
2026-01-12 12:51:03.745820+00:00,BTCUSDT,90783.42,6e-05
2026-01-12 12:51:03.746128+00:00,BTCUSDT,90783.42,6e-05
2026-01-12 12:51:03.746439+00:00,BTCUSDT,90783.42,6e-05
2026-01-12 12:51:03.746744+00:00,BTCUSDT,90783.55,6e-05
2026-01-12 12:51:04.129433+00:00,BTCUSDT,90784.0,0.001
2026-01-12 12:51:04.130924+00:00,BTCUSDT,90784.0,0.0008
2026-01-12 12:51:04.131686+00:00,BTCUSDT,90784.0,6e-05
2026-01-12 12:51:04.132336+00:00,BTCUSDT,90784.0,6e-05
2026-01-12 12:51:04.133090+00:00,BTCUSDT,90784.0,6e-05
2026-01-12 12:51:04.133784+00:00,BTCUSDT,90784.0,6e-05
2026-01-12 12:51:04.134548+00:00,BTCUSDT,90784.0,6e-05
2026-01-12 12:51:04.135226+00:00,BTCUSDT,90784.0,6e-05
2026-01-12 12:51:04.136001+00:00,BTCUSDT,90784.0,6e-05
2026-01-12 12:51:04.136641+00:00,BTCUSDT,90784.0,6e-05
2026-01-12 12:51:04.137222+00:00,BTCUSDT,90784.0,6e-05
2026-01-12 12:51:04.137830+00:00,BTCUSDT,90784.11,0.0025
2026-01-12 12:51:04.138476+00:00,BTCUSDT,90784.11,6e-05
2026-01-12 12:51:04.139092+00:00,BTCUSDT,90784.11,6e-05
2026-01-12 12:51:04.139659+00:00,BTCUSDT,90784.11,6e-05
2026-01-12 12:51:04.140128+00:00,BTCUSDT,90784.22,0.00055
2026-01-12 12:51:04.140623+00:00,BTCUSDT,90784.22,6e-05
2026-01-12 12:51:04.141100+00:00,BTCUSDT,90784.22,6e-05
2026-01-12 12:51:04.141659+00:00,BTCUSDT,90784.22,6e-05
2026-01-12 12:51:04.142251+00:00,BTCUSDT,90784.26,6e-05
2026-01-12 12:51:04.142783+00:00,BTCUSDT,90784.43,6e-05
2026-01-12 12:51:04.143325+00:00,BTCUSDT,90784.43,6e-05
2026-01-12 12:51:04.143798+00:00,BTCUSDT,90784.43,6e-05
2026-01-12 12:51:04.144318+00:00,BTCUSDT,90784.44,0.00061
2026-01-12 12:51:04.144944+00:00,BTCUSDT,90784.44,0.00211
2026-01-12 12:51:04.145506+00:00,BTCUSDT,90784.44,0.0083
2026-01-12 12:51:04.146002+00:00,BTCUSDT,90784.44,6e-05
2026-01-12 12:51:04.146538+00:00,BTCUSDT,90784.44,6e-05
2026-01-12 12:51:04.147074+00:00,BTCUSDT,90784.44,6e-05
2026-01-12 12:51:04.147621+00:00,BTCUSDT,90784.44,6e-05
2026-01-12 12:51:04.148147+00:00,BTCUSDT,90784.44,6e-05
2026-01-12 12:51:04.148668+00:00,BTCUSDT,90784.46,6e-05
2026-01-12 12:51:04.149207+00:00,BTCUSDT,90784.58,0.00661
2026-01-12 12:51:04.149806+00:00,BTCUSDT,90784.58,6e-05
2026-01-12 12:51:04.150353+00:00,BTCUSDT,90784.58,6e-05
2026-01-12 12:51:04.150832+00:00,BTCUSDT,90785.26,6e-05
2026-01-12 12:51:04.151258+00:00,BTCUSDT,90785.26,6e-05
2026-01-12 12:51:04.151710+00:00,BTCUSDT,90785.26,6e-05
2026-01-12 12:51:04.152134+00:00,BTCUSDT,90785.43,0.003
2026-01-12 12:51:04.152824+00:00,BTCUSDT,90785.43,6e-05
2026-01-12 12:51:04.153280+00:00,BTCUSDT,90785.43,6e-05
2026-01-12 12:51:04.153775+00:00,BTCUSDT,90785.43,6e-05
2026-01-12 12:51:04.154273+00:00,BTCUSDT,90785.44,7e-05
2026-01-12 12:51:04.154784+00:00,BTCUSDT,90785.55,6e-05
2026-01-12 12:51:04.155253+00:00,BTCUSDT,90785.55,6e-05
2026-01-12 12:51:04.155721+00:00,BTCUSDT,90785.55,6e-05
2026-01-12 12:51:04.156138+00:00,BTCUSDT,90785.56,6e-05
2026-01-12 12:51:04.156642+00:00,BTCUSDT,90785.56,6e-05
2026-01-12 12:51:04.157115+00:00,BTCUSDT,90785.93,6e-05
2026-01-12 12:51:04.157609+00:00,BTCUSDT,90786.0,0.00074
2026-01-12 12:51:04.441496+00:00,BTCUSDT,90786.0,0.00026
2026-01-12 12:51:04.442917+00:00,BTCUSDT,90786.0,0.0008
2026-01-12 12:51:04.443838+00:00,BTCUSDT,90786.01,6e-05
2026-01-12 12:51:04.444720+00:00,BTCUSDT,90786.01,6e-05
2026-01-12 12:51:04.445467+00:00,BTCUSDT,90786.01,6e-05
2026-01-12 12:51:04.446255+00:00,BTCUSDT,90786.15,6e-05
2026-01-12 12:51:04.446965+00:00,BTCUSDT,90786.38,0.0025
2026-01-12 12:51:04.447643+00:00,BTCUSDT,90786.38,6e-05
2026-01-12 12:51:04.448220+00:00,BTCUSDT,90786.38,6e-05
2026-01-12 12:51:04.448703+00:00,BTCUSDT,90786.38,6e-05
2026-01-12 12:51:04.449209+00:00,BTCUSDT,90786.65,6e-05
2026-01-12 12:51:04.449828+00:00,BTCUSDT,90786.65,6e-05
2026-01-12 12:51:04.450443+00:00,BTCUSDT,90786.65,6e-05
2026-01-12 12:51:04.450993+00:00,BTCUSDT,90786.66,0.00826
2026-01-12 12:51:04.451576+00:00,BTCUSDT,90786.66,6e-05
2026-01-12 12:51:04.452233+00:00,BTCUSDT,90786.66,6e-05
2026-01-12 12:51:04.452749+00:00,BTCUSDT,90786.66,6e-05
2026-01-12 12:51:04.453309+00:00,BTCUSDT,90786.66,6e-05
2026-01-12 12:51:04.453876+00:00,BTCUSDT,90786.66,6e-05
2026-01-12 12:51:04.454421+00:00,BTCUSDT,90786.72,0.00017
2026-01-12 12:51:04.454993+00:00,BTCUSDT,90786.85,6e-05
2026-01-12 12:51:04.455555+00:00,BTCUSDT,90787.2,6e-05
2026-01-12 12:51:04.456062+00:00,BTCUSDT,90787.2,6e-05
2026-01-12 12:51:04.456570+00:00,BTCUSDT,90787.2,4e-05
2026-01-12 12:51:04.457037+00:00,BTCUSDT,90787.2,2e-05
2026-01-12 12:51:04.457581+00:00,BTCUSDT,90787.21,6e-05
2026-01-12 12:51:04.458031+00:00,BTCUSDT,90787.21,6e-05
2026-01-12 12:51:04.458459+00:00,BTCUSDT,90787.5,6e-05
2026-01-12 12:51:04.458859+00:00,BTCUSDT,90787.8,6e-05
2026-01-12 12:51:04.459298+00:00,BTCUSDT,90788.0,0.001
2026-01-12 12:51:04.459753+00:00,BTCUSDT,90788.0,0.0008
2026-01-12 12:51:04.460224+00:00,BTCUSDT,90788.16,7e-05
2026-01-12 12:51:04.460683+00:00,BTCUSDT,90788.27,6e-05
2026-01-12 12:51:04.461132+00:00,BTCUSDT,90788.27,6e-05
2026-01-12 12:51:04.461555+00:00,BTCUSDT,90788.27,6e-05
2026-01-12 12:51:04.461961+00:00,BTCUSDT,90788.65,0.0025
2026-01-12 12:51:04.462442+00:00,BTCUSDT,90788.65,6e-05
2026-01-12 12:51:04.462871+00:00,BTCUSDT,90788.65,6e-05
2026-01-12 12:51:04.463286+00:00,BTCUSDT,90788.65,6e-05
2026-01-12 12:51:04.463729+00:00,BTCUSDT,90788.66,6e-05
2026-01-12 12:51:04.464192+00:00,BTCUSDT,90788.66,6e-05
2026-01-12 12:51:04.464626+00:00,BTCUSDT,90788.76,0.00012
2026-01-12 12:51:04.465056+00:00,BTCUSDT,90788.78,0.00044
2026-01-12 12:51:04.465511+00:00,BTCUSDT,90789.0,6e-05
2026-01-12 12:51:04.465914+00:00,BTCUSDT,90789.0,6e-05
2026-01-12 12:51:04.466367+00:00,BTCUSDT,90789.62,0.00421
2026-01-12 12:51:04.466803+00:00,BTCUSDT,90789.62,6e-05
2026-01-12 12:51:04.467201+00:00,BTCUSDT,90789.62,6e-05
2026-01-12 12:51:04.467625+00:00,BTCUSDT,90789.68,9e-05
2026-01-12 12:51:04.468012+00:00,BTCUSDT,90789.87,8e-05
2026-01-12 12:51:04.468389+00:00,BTCUSDT,90790.0,0.003
2026-01-12 12:51:04.468744+00:00,BTCUSDT,90790.0,0.001
2026-01-12 12:51:04.469101+00:00,BTCUSDT,90790.0,0.0008
2026-01-12 12:51:04.469514+00:00,BTCUSDT,90790.03,0.0055
2026-01-12 12:51:04.469892+00:00,BTCUSDT,90790.03,6e-05
2026-01-12 12:51:04.470539+00:00,BTCUSDT,90790.7,7e-05
2026-01-12 12:51:04.470930+00:00,BTCUSDT,90790.7,6e-05
2026-01-12 12:51:04.471273+00:00,BTCUSDT,90790.88,7e-05
2026-01-12 12:51:04.471630+00:00,BTCUSDT,90790.92,0.0025
2026-01-12 12:51:04.471983+00:00,BTCUSDT,90791.04,6e-05
2026-01-12 12:51:04.472329+00:00,BTCUSDT,90791.05,0.01137
2026-01-12 12:51:05.241818+00:00,BTCUSDT,90791.05,6e-05
2026-01-12 12:51:05.242121+00:00,BTCUSDT,90791.05,6e-05
2026-01-12 12:51:05.242460+00:00,BTCUSDT,90791.05,1e-05
2026-01-12 12:51:05.242791+00:00,BTCUSDT,90791.05,5e-05
2026-01-12 12:51:05.243095+00:00,BTCUSDT,90791.05,6e-05
2026-01-12 12:51:05.243434+00:00,BTCUSDT,90791.05,6e-05
2026-01-12 12:51:05.243745+00:00,BTCUSDT,90791.05,9e-05
2026-01-12 12:51:05.245061+00:00,BTCUSDT,90791.05,9e-05
2026-01-12 12:51:05.245483+00:00,BTCUSDT,90791.05,9e-05
2026-01-12 12:51:05.245821+00:00,BTCUSDT,90791.05,9e-05
2026-01-12 12:51:05.246178+00:00,BTCUSDT,90791.05,9e-05
2026-01-12 12:51:05.246530+00:00,BTCUSDT,90791.05,9e-05
2026-01-12 12:51:05.246874+00:00,BTCUSDT,90791.05,0.00012
2026-01-12 12:51:05.247187+00:00,BTCUSDT,90791.05,6e-05
2026-01-12 12:51:05.247507+00:00,BTCUSDT,90791.05,6e-05
2026-01-12 12:51:05.247810+00:00,BTCUSDT,90791.05,6e-05
2026-01-12 12:51:05.248121+00:00,BTCUSDT,90791.05,6e-05
2026-01-12 12:51:05.248497+00:00,BTCUSDT,90791.05,6e-05
2026-01-12 12:51:05.248830+00:00,BTCUSDT,90791.05,0.00012
2026-01-12 12:51:05.249139+00:00,BTCUSDT,90791.05,0.0013
2026-01-12 12:51:05.249460+00:00,BTCUSDT,90791.05,0.00018
2026-01-12 12:51:05.249837+00:00,BTCUSDT,90791.05,0.0022
2026-01-12 12:51:05.250239+00:00,BTCUSDT,90791.05,0.00235
2026-01-12 12:51:05.250757+00:00,BTCUSDT,90791.05,0.00496
2026-01-12 12:51:05.252055+00:00,BTCUSDT,90791.05,0.00014
2026-01-12 12:51:05.630592+00:00,BTCUSDT,90791.05,0.00012
2026-01-12 12:51:05.632144+00:00,BTCUSDT,90791.05,6e-05
2026-01-12 12:51:05.632829+00:00,BTCUSDT,90791.05,9e-05
2026-01-12 12:51:05.633496+00:00,BTCUSDT,90791.05,9e-05
2026-01-12 12:51:05.634039+00:00,BTCUSDT,90791.05,9e-05
2026-01-12 12:51:05.634591+00:00,BTCUSDT,90791.05,6e-05
2026-01-12 12:51:05.635069+00:00,BTCUSDT,90791.05,9e-05
2026-01-12 12:51:05.635586+00:00,BTCUSDT,90791.05,6e-05
2026-01-12 12:51:05.635997+00:00,BTCUSDT,90791.05,6e-05
2026-01-12 12:51:05.636492+00:00,BTCUSDT,90791.05,6e-05
2026-01-12 12:51:05.636921+00:00,BTCUSDT,90791.05,6e-05
2026-01-12 12:51:05.637353+00:00,BTCUSDT,90791.05,6e-05
2026-01-12 12:51:05.637753+00:00,BTCUSDT,90791.05,0.00012
2026-01-12 12:51:05.638139+00:00,BTCUSDT,90791.05,6e-05
2026-01-12 12:51:05.638582+00:00,BTCUSDT,90791.05,9e-05
2026-01-12 12:51:05.639079+00:00,BTCUSDT,90791.05,9e-05
2026-01-12 12:51:05.639579+00:00,BTCUSDT,90791.05,0.00078
2026-01-12 12:51:06.254590+00:00,BTCUSDT,90791.05,0.02422
2026-01-12 12:51:06.255905+00:00,BTCUSDT,90791.05,6e-05
2026-01-12 12:51:06.256947+00:00,BTCUSDT,90791.05,9e-05
2026-01-12 12:51:06.257896+00:00,BTCUSDT,90791.05,6e-05
2026-01-12 12:51:06.258672+00:00,BTCUSDT,90791.05,6e-05
2026-01-12 12:51:06.259534+00:00,BTCUSDT,90791.05,6e-05
2026-01-12 12:51:06.260350+00:00,BTCUSDT,90791.05,6e-05
2026-01-12 12:51:06.261060+00:00,BTCUSDT,90791.05,6e-05
2026-01-12 12:51:06.261651+00:00,BTCUSDT,90791.05,6e-05
2026-01-12 12:51:06.262233+00:00,BTCUSDT,90791.05,6e-05
2026-01-12 12:51:06.262752+00:00,BTCUSDT,90791.05,6e-05
2026-01-12 12:51:06.263319+00:00,BTCUSDT,90791.05,9e-05
2026-01-12 12:51:06.263965+00:00,BTCUSDT,90791.05,6e-05
2026-01-12 12:51:06.264575+00:00,BTCUSDT,90791.05,6e-05
2026-01-12 12:51:06.265105+00:00,BTCUSDT,90791.05,6e-05
2026-01-12 12:51:06.265639+00:00,BTCUSDT,90791.05,6e-05
2026-01-12 12:51:06.266209+00:00,BTCUSDT,90791.05,9e-05
2026-01-12 12:51:06.266914+00:00,BTCUSDT,90791.05,6e-05
2026-01-12 12:51:06.267618+00:00,BTCUSDT,90791.05,6e-05
2026-01-12 12:51:06.268330+00:00,BTCUSDT,90791.05,6e-05
2026-01-12 12:51:06.269075+00:00,BTCUSDT,90791.05,9e-05
2026-01-12 12:51:06.269846+00:00,BTCUSDT,90791.05,9e-05
2026-01-12 12:51:06.270561+00:00,BTCUSDT,90791.05,9e-05
2026-01-12 12:51:06.271248+00:00,BTCUSDT,90791.05,9e-05
2026-01-12 12:51:06.272255+00:00,BTCUSDT,90791.05,6e-05
2026-01-12 12:51:06.272792+00:00,BTCUSDT,90791.05,0.00012
2026-01-12 12:51:06.273275+00:00,BTCUSDT,90791.05,6e-05
2026-01-12 12:51:06.273733+00:00,BTCUSDT,90791.05,9e-05
2026-01-12 12:51:06.274219+00:00,BTCUSDT,90791.05,6e-05
2026-01-12 12:51:06.274769+00:00,BTCUSDT,90791.06,9e-05
2026-01-12 12:51:06.275317+00:00,BTCUSDT,90791.06,6e-05
2026-01-12 12:51:06.275882+00:00,BTCUSDT,90791.06,6e-05
2026-01-12 12:51:06.276382+00:00,BTCUSDT,90791.06,6e-05
2026-01-12 12:51:06.276895+00:00,BTCUSDT,90791.06,6e-05
2026-01-12 12:51:06.277382+00:00,BTCUSDT,90791.06,6e-05
2026-01-12 12:51:06.277879+00:00,BTCUSDT,90791.06,6e-05
2026-01-12 12:51:06.278399+00:00,BTCUSDT,90791.06,6e-05
2026-01-12 12:51:06.278880+00:00,BTCUSDT,90791.06,6e-05
2026-01-12 12:51:06.279315+00:00,BTCUSDT,90791.06,6e-05
2026-01-12 12:51:06.279790+00:00,BTCUSDT,90791.06,6e-05
2026-01-12 12:51:06.280291+00:00,BTCUSDT,90791.06,6e-05
2026-01-12 12:51:06.280831+00:00,BTCUSDT,90791.06,6e-05
2026-01-12 12:51:06.281356+00:00,BTCUSDT,90791.06,6e-05
2026-01-12 12:51:06.281826+00:00,BTCUSDT,90791.06,6e-05
2026-01-12 12:51:06.282314+00:00,BTCUSDT,90791.3,0.0002
2026-01-12 12:51:06.282816+00:00,BTCUSDT,90791.32,0.0002
2026-01-12 12:51:06.283259+00:00,BTCUSDT,90791.55,6e-05
2026-01-12 12:51:06.283851+00:00,BTCUSDT,90791.98,6e-05
2026-01-12 12:51:06.284405+00:00,BTCUSDT,90791.98,6e-05
2026-01-12 12:51:06.284989+00:00,BTCUSDT,90791.98,6e-05
2026-01-12 12:51:06.285537+00:00,BTCUSDT,90792.0,0.001
2026-01-12 12:51:06.286031+00:00,BTCUSDT,90792.0,0.0008
2026-01-12 12:51:06.286507+00:00,BTCUSDT,90792.0,9e-05
2026-01-12 12:51:06.286957+00:00,BTCUSDT,90793.19,6e-05
2026-01-12 12:51:06.287435+00:00,BTCUSDT,90793.19,6e-05
2026-01-12 12:51:06.287939+00:00,BTCUSDT,90793.19,6e-05
2026-01-12 12:51:06.288371+00:00,BTCUSDT,90793.32,0.00176
2026-01-12 12:51:06.288917+00:00,BTCUSDT,90793.6,7e-05
2026-01-12 12:51:06.289594+00:00,BTCUSDT,90793.82,6e-05
2026-01-12 12:51:06.290147+00:00,BTCUSDT,90793.82,6e-05
2026-01-12 12:51:06.290727+00:00,BTCUSDT,90793.82,6e-05
2026-01-12 12:51:06.291136+00:00,BTCUSDT,90794.0,0.001
2026-01-12 12:51:06.291529+00:00,BTCUSDT,90794.0,0.0008
2026-01-12 12:51:06.291902+00:00,BTCUSDT,90794.1,6e-05
2026-01-12 12:51:06.292267+00:00,BTCUSDT,90794.19,0.00017
2026-01-12 12:51:06.292627+00:00,BTCUSDT,90794.55,6e-05
2026-01-12 12:51:06.292961+00:00,BTCUSDT,90795.25,6e-05
2026-01-12 12:51:06.293302+00:00,BTCUSDT,90795.46,6e-05
2026-01-12 12:51:06.293636+00:00,BTCUSDT,90795.46,6e-05
2026-01-12 12:51:06.293967+00:00,BTCUSDT,90795.46,6e-05
2026-01-12 12:51:06.294303+00:00,BTCUSDT,90796.0,0.001
2026-01-12 12:51:06.294691+00:00,BTCUSDT,90796.0,0.0008
2026-01-12 12:51:06.295041+00:00,BTCUSDT,90796.0,6e-05
2026-01-12 12:51:06.295448+00:00,BTCUSDT,90796.0,6e-05
2026-01-12 12:51:06.295781+00:00,BTCUSDT,90796.32,7e-05
2026-01-12 12:51:06.296180+00:00,BTCUSDT,90797.92,6e-05
2026-01-12 12:51:06.296907+00:00,BTCUSDT,90797.92,6e-05
2026-01-12 12:51:06.297286+00:00,BTCUSDT,90797.92,6e-05
2026-01-12 12:51:06.297637+00:00,BTCUSDT,90797.99,6e-05
2026-01-12 12:51:06.298001+00:00,BTCUSDT,90797.99,6e-05
2026-01-12 12:51:06.298381+00:00,BTCUSDT,90797.99,6e-05
2026-01-12 12:51:06.298774+00:00,BTCUSDT,90798.0,0.00878
2026-01-12 12:51:06.299127+00:00,BTCUSDT,90798.0,0.001
2026-01-12 12:51:06.299556+00:00,BTCUSDT,90798.0,0.0008
2026-01-12 12:51:06.299921+00:00,BTCUSDT,90798.0,6e-05
2026-01-12 12:51:06.300251+00:00,BTCUSDT,90798.0,6e-05
2026-01-12 12:51:06.300579+00:00,BTCUSDT,90798.0,0.035
2026-01-12 12:51:06.300911+00:00,BTCUSDT,90798.02,7e-05
2026-01-12 12:51:06.301247+00:00,BTCUSDT,90798.12,0.00012
2026-01-12 12:51:06.301586+00:00,BTCUSDT,90798.42,6e-05
2026-01-12 12:51:06.301927+00:00,BTCUSDT,90798.47,6e-05
2026-01-12 12:51:06.302277+00:00,BTCUSDT,90798.47,6e-05
2026-01-12 12:51:06.302744+00:00,BTCUSDT,90798.47,6e-05
2026-01-12 12:51:06.303164+00:00,BTCUSDT,90798.73,0.00017
2026-01-12 12:51:06.477269+00:00,BTCUSDT,90798.77,0.0011
2026-01-12 12:51:06.478944+00:00,BTCUSDT,90798.77,6e-05
2026-01-12 12:51:06.479886+00:00,BTCUSDT,90798.77,6e-05
2026-01-12 12:51:06.480743+00:00,BTCUSDT,90798.77,6e-05
2026-01-12 12:51:06.481624+00:00,BTCUSDT,90798.78,0.00725
2026-01-12 12:51:06.482475+00:00,BTCUSDT,90798.78,6e-05
2026-01-12 12:51:06.483264+00:00,BTCUSDT,90798.78,6e-05
2026-01-12 12:51:06.483948+00:00,BTCUSDT,90799.04,7e-05
2026-01-12 12:51:06.484642+00:00,BTCUSDT,90799.05,6e-05
2026-01-12 12:51:06.485335+00:00,BTCUSDT,90799.41,6e-05
2026-01-12 12:51:06.486073+00:00,BTCUSDT,90799.41,6e-05
2026-01-12 12:51:06.486822+00:00,BTCUSDT,90799.41,6e-05
2026-01-12 12:51:06.487557+00:00,BTCUSDT,90799.8,6e-05
2026-01-12 12:51:06.488131+00:00,BTCUSDT,90799.99,6e-05
2026-01-12 12:51:06.488667+00:00,BTCUSDT,90799.99,6e-05
2026-01-12 12:51:06.489234+00:00,BTCUSDT,90799.99,6e-05
2026-01-12 12:51:06.489821+00:00,BTCUSDT,90800.0,0.003
2026-01-12 12:51:06.490410+00:00,BTCUSDT,90800.0,0.001
2026-01-12 12:51:06.491084+00:00,BTCUSDT,90800.0,0.0008
2026-01-12 12:51:06.491675+00:00,BTCUSDT,90800.0,0.00209
2026-01-12 12:51:06.492214+00:00,BTCUSDT,90800.0,0.01282
2026-01-12 12:51:06.492724+00:00,BTCUSDT,90800.0,6e-05
2026-01-12 12:51:06.493287+00:00,BTCUSDT,90800.0,6e-05
2026-01-12 12:51:06.493933+00:00,BTCUSDT,90800.11,6e-05
2026-01-12 12:51:06.494588+00:00,BTCUSDT,90800.11,6e-05
2026-01-12 12:51:06.495180+00:00,BTCUSDT,90800.12,0.00276
2026-01-12 12:51:06.495725+00:00,BTCUSDT,90800.27,6e-05
2026-01-12 12:51:06.496264+00:00,BTCUSDT,90800.27,6e-05
2026-01-12 12:51:06.496840+00:00,BTCUSDT,90800.37,6e-05
2026-01-12 12:51:06.497415+00:00,BTCUSDT,90800.37,6e-05
2026-01-12 12:51:06.497966+00:00,BTCUSDT,90801.28,6e-05
2026-01-12 12:51:06.498593+00:00,BTCUSDT,90801.29,7e-05
2026-01-12 12:51:06.499177+00:00,BTCUSDT,90801.28,0.00022
2026-01-12 12:51:06.499682+00:00,BTCUSDT,90801.29,0.0034
2026-01-12 12:51:06.500147+00:00,BTCUSDT,90801.29,0.00021
2026-01-12 12:51:08.809665+00:00,BTCUSDT,90801.29,0.00093
2026-01-12 12:51:08.810064+00:00,BTCUSDT,90801.28,0.02305
2026-01-12 12:51:08.810505+00:00,BTCUSDT,90801.28,0.00602
2026-01-12 12:51:08.810902+00:00,BTCUSDT,90801.28,0.00013
2026-01-12 12:51:08.811673+00:00,BTCUSDT,90801.29,6e-05
2026-01-12 12:51:08.812495+00:00,BTCUSDT,90801.29,0.00994
2026-01-12 12:51:08.812900+00:00,BTCUSDT,90801.29,0.00071
2026-01-12 12:51:08.813582+00:00,BTCUSDT,90801.28,6e-05
2026-01-12 12:51:08.813911+00:00,BTCUSDT,90801.28,0.00035
2026-01-12 12:51:08.814269+00:00,BTCUSDT,90801.28,0.00073
2026-01-12 12:51:08.814624+00:00,BTCUSDT,90801.29,0.004
2026-01-12 12:51:08.815010+00:00,BTCUSDT,90801.29,0.00017
2026-01-12 12:51:08.815467+00:00,BTCUSDT,90801.29,0.00221
2026-01-12 12:51:08.815878+00:00,BTCUSDT,90801.29,0.00041
2026-01-12 12:51:08.816231+00:00,BTCUSDT,90801.29,0.03593
2026-01-12 12:51:08.821763+00:00,BTCUSDT,90801.29,0.00022
2026-01-12 12:51:08.822486+00:00,BTCUSDT,90801.29,5e-05
2026-01-12 12:51:09.055552+00:00,BTCUSDT,90801.29,0.00012
2026-01-12 12:51:09.058025+00:00,BTCUSDT,90801.28,0.00021
2026-01-12 12:51:09.060248+00:00,BTCUSDT,90801.28,0.00022
2026-01-12 12:51:09.061856+00:00,BTCUSDT,90801.29,0.00661
2026-01-12 12:51:09.063006+00:00,BTCUSDT,90801.29,0.00231
2026-01-12 12:51:09.063993+00:00,BTCUSDT,90801.29,0.02202
2026-01-12 12:51:09.064883+00:00,BTCUSDT,90801.29,0.03303
2026-01-12 12:51:09.065868+00:00,BTCUSDT,90801.29,0.03303
2026-01-12 12:51:09.066809+00:00,BTCUSDT,90801.29,0.01822
2026-01-12 12:51:09.067751+00:00,BTCUSDT,90801.29,0.03303
2026-01-12 12:51:09.068554+00:00,BTCUSDT,90801.29,0.001
2026-01-12 12:51:09.069117+00:00,BTCUSDT,90801.29,0.001
2026-01-12 12:51:09.071143+00:00,BTCUSDT,90801.29,0.01047
2026-01-12 12:51:09.072723+00:00,BTCUSDT,90801.29,0.001
2026-01-12 12:51:10.295241+00:00,BTCUSDT,90801.29,0.01235
2026-01-12 12:51:10.298678+00:00,BTCUSDT,90801.29,6e-05
2026-01-12 12:51:10.299476+00:00,BTCUSDT,90801.29,6e-05
2026-01-12 12:51:10.299957+00:00,BTCUSDT,90801.29,9e-05
2026-01-12 12:51:10.300516+00:00,BTCUSDT,90801.29,6e-05
2026-01-12 12:51:10.301172+00:00,BTCUSDT,90801.29,6e-05
2026-01-12 12:51:10.301627+00:00,BTCUSDT,90801.29,6e-05
2026-01-12 12:51:10.302276+00:00,BTCUSDT,90801.29,6e-05
2026-01-12 12:51:10.302864+00:00,BTCUSDT,90801.29,6e-05
2026-01-12 12:51:10.303341+00:00,BTCUSDT,90801.29,6e-05
2026-01-12 12:51:10.303755+00:00,BTCUSDT,90801.29,9e-05
2026-01-12 12:51:10.304199+00:00,BTCUSDT,90801.29,9e-05
2026-01-12 12:51:10.304707+00:00,BTCUSDT,90801.29,9e-05
2026-01-12 12:51:10.305102+00:00,BTCUSDT,90801.29,9e-05
2026-01-12 12:51:10.305601+00:00,BTCUSDT,90801.29,9e-05
2026-01-12 12:51:10.305995+00:00,BTCUSDT,90801.29,6e-05
2026-01-12 12:51:10.306513+00:00,BTCUSDT,90801.29,6e-05
2026-01-12 12:51:10.306923+00:00,BTCUSDT,90801.29,6e-05
2026-01-12 12:51:10.307376+00:00,BTCUSDT,90801.29,6e-05
2026-01-12 12:51:10.307808+00:00,BTCUSDT,90801.29,6e-05
2026-01-12 12:51:10.308194+00:00,BTCUSDT,90801.29,6e-05
2026-01-12 12:51:10.308626+00:00,BTCUSDT,90801.29,6e-05
2026-01-12 12:51:10.309098+00:00,BTCUSDT,90801.29,6e-05
2026-01-12 12:51:10.309573+00:00,BTCUSDT,90801.29,0.00012
2026-01-12 12:51:10.310105+00:00,BTCUSDT,90801.29,6e-05
2026-01-12 12:51:10.310791+00:00,BTCUSDT,90801.29,6e-05
2026-01-12 12:51:10.311389+00:00,BTCUSDT,90801.29,6e-05
2026-01-12 12:51:10.311879+00:00,BTCUSDT,90801.29,6e-05
2026-01-12 12:51:10.312592+00:00,BTCUSDT,90801.29,6e-05
2026-01-12 12:51:10.313332+00:00,BTCUSDT,90801.29,6e-05
2026-01-12 12:51:10.313820+00:00,BTCUSDT,90801.29,6e-05
2026-01-12 12:51:10.314255+00:00,BTCUSDT,90801.29,6e-05
2026-01-12 12:51:10.314709+00:00,BTCUSDT,90801.29,6e-05
2026-01-12 12:51:10.315145+00:00,BTCUSDT,90801.29,6e-05
2026-01-12 12:51:10.315708+00:00,BTCUSDT,90801.29,0.00012
2026-01-12 12:51:10.317087+00:00,BTCUSDT,90801.29,0.00012
2026-01-12 12:51:10.319115+00:00,BTCUSDT,90801.29,0.00012
2026-01-12 12:51:10.320653+00:00,BTCUSDT,90801.29,9e-05
2026-01-12 12:51:10.321295+00:00,BTCUSDT,90801.29,9e-05
2026-01-12 12:51:10.321767+00:00,BTCUSDT,90801.29,9e-05
2026-01-12 12:51:10.322223+00:00,BTCUSDT,90801.29,9e-05
2026-01-12 12:51:10.322711+00:00,BTCUSDT,90801.29,6e-05
2026-01-12 12:51:10.323340+00:00,BTCUSDT,90801.29,6e-05
2026-01-12 12:51:10.324038+00:00,BTCUSDT,90801.29,9e-05
2026-01-12 12:51:10.324697+00:00,BTCUSDT,90801.29,6e-05
2026-01-12 12:51:10.325736+00:00,BTCUSDT,90801.29,6e-05
2026-01-12 12:51:10.326189+00:00,BTCUSDT,90801.29,6e-05
2026-01-12 12:51:10.326595+00:00,BTCUSDT,90801.29,9e-05
2026-01-12 12:51:10.326982+00:00,BTCUSDT,90801.29,6e-05
2026-01-12 12:51:10.327473+00:00,BTCUSDT,90801.29,0.025
2026-01-12 12:51:10.327886+00:00,BTCUSDT,90801.29,0.00011
2026-01-12 12:51:10.328292+00:00,BTCUSDT,90801.29,6e-05
2026-01-12 12:51:10.328705+00:00,BTCUSDT,90801.29,6e-05
2026-01-12 12:51:10.329102+00:00,BTCUSDT,90801.29,6e-05
2026-01-12 12:51:10.329487+00:00,BTCUSDT,90801.29,6e-05
2026-01-12 12:51:10.329879+00:00,BTCUSDT,90801.29,6e-05
2026-01-12 12:51:10.330255+00:00,BTCUSDT,90801.29,0.00072
2026-01-12 12:51:10.330664+00:00,BTCUSDT,90801.29,6e-05
2026-01-12 12:51:10.331040+00:00,BTCUSDT,90801.29,0.00066
2026-01-12 12:51:10.331460+00:00,BTCUSDT,90801.29,6e-05
2026-01-12 12:51:10.331915+00:00,BTCUSDT,90801.29,6e-05
2026-01-12 12:51:10.332475+00:00,BTCUSDT,90801.29,6e-05
2026-01-12 12:51:10.332926+00:00,BTCUSDT,90801.29,6e-05
2026-01-12 12:51:10.333478+00:00,BTCUSDT,90801.29,6e-05
2026-01-12 12:51:10.334110+00:00,BTCUSDT,90801.29,6e-05
2026-01-12 12:51:10.335404+00:00,BTCUSDT,90801.3,9e-05
2026-01-12 12:51:10.336008+00:00,BTCUSDT,90801.3,6e-05
2026-01-12 12:51:10.336619+00:00,BTCUSDT,90801.3,6e-05
2026-01-12 12:51:10.337021+00:00,BTCUSDT,90801.3,6e-05
2026-01-12 12:51:10.337532+00:00,BTCUSDT,90801.3,6e-05
2026-01-12 12:51:10.337924+00:00,BTCUSDT,90801.3,6e-05
2026-01-12 12:51:10.338317+00:00,BTCUSDT,90801.3,6e-05
2026-01-12 12:51:10.338689+00:00,BTCUSDT,90801.3,6e-05
2026-01-12 12:51:10.339064+00:00,BTCUSDT,90801.3,6e-05
2026-01-12 12:51:10.339434+00:00,BTCUSDT,90801.3,6e-05
2026-01-12 12:51:10.339793+00:00,BTCUSDT,90801.3,6e-05
2026-01-12 12:51:10.340122+00:00,BTCUSDT,90801.3,6e-05
2026-01-12 12:51:10.340497+00:00,BTCUSDT,90801.5,0.003
2026-01-12 12:51:10.340896+00:00,BTCUSDT,90801.5,9e-05
2026-01-12 12:51:10.341282+00:00,BTCUSDT,90801.5,6e-05
2026-01-12 12:51:10.341677+00:00,BTCUSDT,90801.5,6e-05
2026-01-12 12:51:10.342034+00:00,BTCUSDT,90801.5,6e-05
2026-01-12 12:51:10.342430+00:00,BTCUSDT,90801.51,6e-05
2026-01-12 12:51:10.342811+00:00,BTCUSDT,90801.51,6e-05
2026-01-12 12:51:10.343195+00:00,BTCUSDT,90801.51,6e-05
2026-01-12 12:51:10.343539+00:00,BTCUSDT,90801.52,0.02542
2026-01-12 12:51:10.343890+00:00,BTCUSDT,90801.52,6e-05
2026-01-12 12:51:10.344220+00:00,BTCUSDT,90801.52,6e-05
2026-01-12 12:51:10.344554+00:00,BTCUSDT,90801.55,0.0002
2026-01-12 12:51:10.344881+00:00,BTCUSDT,90801.57,0.0002
2026-01-12 12:51:10.345219+00:00,BTCUSDT,90801.59,7e-05
2026-01-12 12:51:10.345548+00:00,BTCUSDT,90801.76,7e-05
2026-01-12 12:51:10.345868+00:00,BTCUSDT,90801.79,6e-05
2026-01-12 12:51:10.346198+00:00,BTCUSDT,90802.0,0.001
2026-01-12 12:51:10.998483+00:00,BTCUSDT,90802.0,0.0008
2026-01-12 12:51:11.000056+00:00,BTCUSDT,90802.58,6e-05
2026-01-12 12:51:11.000680+00:00,BTCUSDT,90802.64,6e-05
2026-01-12 12:51:11.001467+00:00,BTCUSDT,90802.64,6e-05
2026-01-12 12:51:11.002459+00:00,BTCUSDT,90802.64,6e-05
2026-01-12 12:51:11.003338+00:00,BTCUSDT,90803.2,0.00349
2026-01-12 12:51:11.004078+00:00,BTCUSDT,90803.48,6e-05
2026-01-12 12:51:11.004830+00:00,BTCUSDT,90803.48,6e-05
2026-01-12 12:51:11.005561+00:00,BTCUSDT,90803.48,6e-05
2026-01-12 12:51:11.006253+00:00,BTCUSDT,90803.49,6e-05
2026-01-12 12:51:11.006927+00:00,BTCUSDT,90804.0,0.001
2026-01-12 12:51:11.007604+00:00,BTCUSDT,90804.0,0.0008
2026-01-12 12:51:11.008292+00:00,BTCUSDT,90804.0,6e-05
2026-01-12 12:51:11.008954+00:00,BTCUSDT,90804.0,6e-05
2026-01-12 12:51:11.009559+00:00,BTCUSDT,90804.0,6e-05
2026-01-12 12:51:11.010057+00:00,BTCUSDT,90804.35,6e-05
2026-01-12 12:51:11.010638+00:00,BTCUSDT,90804.48,7e-05
2026-01-12 12:51:11.011452+00:00,BTCUSDT,90804.67,6e-05
2026-01-12 12:51:11.012096+00:00,BTCUSDT,90804.67,6e-05
2026-01-12 12:51:11.012609+00:00,BTCUSDT,90804.79,6e-05
2026-01-12 12:51:11.013100+00:00,BTCUSDT,90805.47,6e-05
2026-01-12 12:51:11.013626+00:00,BTCUSDT,90805.47,6e-05
2026-01-12 12:51:11.014206+00:00,BTCUSDT,90805.47,6e-05
2026-01-12 12:51:11.014780+00:00,BTCUSDT,90805.48,0.0014
2026-01-12 12:51:11.015316+00:00,BTCUSDT,90805.48,0.00995
2026-01-12 12:51:11.016418+00:00,BTCUSDT,90805.48,0.00275
2026-01-12 12:51:11.016938+00:00,BTCUSDT,90805.48,0.0033
2026-01-12 12:51:11.017553+00:00,BTCUSDT,90805.47,0.01218
2026-01-12 12:51:11.022938+00:00,BTCUSDT,90805.48,0.00011
2026-01-12 12:51:11.221010+00:00,BTCUSDT,90805.48,0.00966
2026-01-12 12:51:12.150663+00:00,BTCUSDT,90805.48,0.0152
2026-01-12 12:51:12.151306+00:00,BTCUSDT,90805.47,0.00014
2026-01-12 12:51:13.072793+00:00,BTCUSDT,90805.48,0.00024
2026-01-12 12:51:13.075246+00:00,BTCUSDT,90805.47,0.00025
2026-01-12 12:51:14.089542+00:00,BTCUSDT,90805.47,0.0029
2026-01-12 12:51:14.736233+00:00,BTCUSDT,90805.48,0.00021
2026-01-12 12:51:32.945399+00:00,BTCUSDT,90805.47,0.00012
2026-01-12 12:51:33.243148+00:00,BTCUSDT,90805.47,0.00053
2026-01-12 12:51:33.245129+00:00,BTCUSDT,90805.48,0.00014
2026-01-12 12:51:33.247437+00:00,BTCUSDT,90805.48,0.00254
2026-01-12 12:51:33.248441+00:00,BTCUSDT,90805.48,0.00035
2026-01-12 12:51:33.250724+00:00,BTCUSDT,90805.48,0.00278
2026-01-12 12:51:33.252980+00:00,BTCUSDT,90805.48,0.002
2026-01-12 12:51:33.253719+00:00,BTCUSDT,90805.48,0.002
2026-01-12 12:51:33.254394+00:00,BTCUSDT,90805.47,0.01065
2026-01-12 12:51:33.552792+00:00,BTCUSDT,90805.47,0.00018
2026-01-12 12:51:33.556074+00:00,BTCUSDT,90805.48,0.00153
2026-01-12 12:51:33.557015+00:00,BTCUSDT,90805.48,0.00021
2026-01-12 12:51:33.559442+00:00,BTCUSDT,90805.47,0.00014
2026-01-12 12:51:33.560234+00:00,BTCUSDT,90805.47,0.00316
2026-01-12 12:51:33.561084+00:00,BTCUSDT,90805.47,0.00104
2026-01-12 12:51:33.561885+00:00,BTCUSDT,90805.48,0.00056
2026-01-12 12:51:33.562576+00:00,BTCUSDT,90805.48,0.00099
2026-01-12 12:51:33.865379+00:00,BTCUSDT,90805.47,0.02209
2026-01-12 12:51:33.867091+00:00,BTCUSDT,90805.47,0.00014
2026-01-12 12:51:33.869692+00:00,BTCUSDT,90805.48,0.00062
2026-01-12 12:51:33.881953+00:00,BTCUSDT,90805.48,0.05092
2026-01-12 12:51:33.882994+00:00,BTCUSDT,90805.48,6e-05
2026-01-12 12:51:33.883532+00:00,BTCUSDT,90805.48,0.00011
2026-01-12 12:51:34.175493+00:00,BTCUSDT,90805.47,0.00028
2026-01-12 12:51:34.176396+00:00,BTCUSDT,90805.48,0.01894
2026-01-12 12:51:34.178072+00:00,BTCUSDT,90805.47,0.0004
2026-01-12 12:51:34.180033+00:00,BTCUSDT,90805.47,0.00042
2026-01-12 12:51:34.180665+00:00,BTCUSDT,90805.47,0.00055
2026-01-12 12:51:34.181330+00:00,BTCUSDT,90805.48,0.0066
2026-01-12 12:51:34.182051+00:00,BTCUSDT,90805.48,0.00226
2026-01-12 12:51:34.182684+00:00,BTCUSDT,90805.48,0.02202
2026-01-12 12:51:34.183422+00:00,BTCUSDT,90805.48,0.03303
2026-01-12 12:51:34.184559+00:00,BTCUSDT,90805.48,0.02946
2026-01-12 12:51:34.185233+00:00,BTCUSDT,90805.48,6e-05
2026-01-12 12:51:34.185922+00:00,BTCUSDT,90805.48,0.00014
2026-01-12 12:51:34.187039+00:00,BTCUSDT,90805.48,0.00026
2026-01-12 12:51:34.187688+00:00,BTCUSDT,90805.48,0.00088
2026-01-12 12:51:34.188292+00:00,BTCUSDT,90805.48,0.00059
2026-01-12 12:51:34.188763+00:00,BTCUSDT,90805.48,0.00058
2026-01-12 12:51:34.189274+00:00,BTCUSDT,90805.48,0.00306
2026-01-12 12:51:34.190307+00:00,BTCUSDT,90805.47,6e-05
2026-01-12 12:51:34.190818+00:00,BTCUSDT,90805.48,0.00089
2026-01-12 12:51:34.191324+00:00,BTCUSDT,90805.48,9e-05
2026-01-12 12:51:34.482145+00:00,BTCUSDT,90805.48,0.00256
2026-01-12 12:51:34.483998+00:00,BTCUSDT,90805.48,0.0072
2026-01-12 12:51:34.485880+00:00,BTCUSDT,90805.48,0.00026
2026-01-12 12:51:34.487395+00:00,BTCUSDT,90805.48,0.00022
2026-01-12 12:51:34.488056+00:00,BTCUSDT,90805.48,0.00037
2026-01-12 12:51:34.489487+00:00,BTCUSDT,90805.47,0.00057
2026-01-12 12:51:37.273150+00:00,BTCUSDT,90805.48,0.00059
2026-01-12 12:51:37.273661+00:00,BTCUSDT,90805.48,0.00054
2026-01-12 12:51:37.274196+00:00,BTCUSDT,90805.48,0.00017
2026-01-12 12:51:37.276114+00:00,BTCUSDT,90805.48,8e-05
2026-01-12 12:51:37.563386+00:00,BTCUSDT,90805.48,0.00279
2026-01-12 12:51:40.820918+00:00,BTCUSDT,90805.47,0.02032
2026-01-12 12:51:40.822491+00:00,BTCUSDT,90805.47,0.17236
2026-01-12 12:51:40.823152+00:00,BTCUSDT,90805.47,0.0143
2026-01-12 12:51:40.823787+00:00,BTCUSDT,90805.47,0.10095
2026-01-12 12:51:40.825003+00:00,BTCUSDT,90805.47,0.00473
2026-01-12 12:51:40.825800+00:00,BTCUSDT,90805.47,0.02032
2026-01-12 12:51:40.826397+00:00,BTCUSDT,90805.47,0.00015
2026-01-12 12:51:40.826902+00:00,BTCUSDT,90805.47,9e-05
2026-01-12 12:51:40.827375+00:00,BTCUSDT,90805.47,9e-05
2026-01-12 12:51:40.827776+00:00,BTCUSDT,90805.47,0.00012
2026-01-12 12:51:40.828175+00:00,BTCUSDT,90805.47,9e-05
2026-01-12 12:51:40.828560+00:00,BTCUSDT,90805.47,0.07536
2026-01-12 12:51:40.829010+00:00,BTCUSDT,90805.47,0.0003
2026-01-12 12:51:40.829541+00:00,BTCUSDT,90805.47,0.01072
2026-01-12 12:51:44.217803+00:00,BTCUSDT,90805.47,9e-05
2026-01-12 12:51:44.222548+00:00,BTCUSDT,90805.47,9e-05
2026-01-12 12:51:44.223614+00:00,BTCUSDT,90805.47,9e-05
2026-01-12 12:51:44.224556+00:00,BTCUSDT,90805.47,9e-05
2026-01-12 12:51:44.225448+00:00,BTCUSDT,90805.47,9e-05
2026-01-12 12:51:44.226728+00:00,BTCUSDT,90805.47,0.00544
2026-01-12 12:51:44.227415+00:00,BTCUSDT,90805.47,0.00012
2026-01-12 12:51:44.228165+00:00,BTCUSDT,90805.47,0.00012
2026-01-12 12:51:44.228953+00:00,BTCUSDT,90805.47,9e-05
2026-01-12 12:51:44.229516+00:00,BTCUSDT,90805.47,9e-05
2026-01-12 12:51:44.230078+00:00,BTCUSDT,90805.47,9e-05
2026-01-12 12:51:44.230644+00:00,BTCUSDT,90805.47,9e-05
2026-01-12 12:51:44.231257+00:00,BTCUSDT,90805.47,9e-05
2026-01-12 12:51:44.231780+00:00,BTCUSDT,90805.47,0.00047
2026-01-12 12:51:44.232331+00:00,BTCUSDT,90805.47,0.00048
2026-01-12 12:51:44.232889+00:00,BTCUSDT,90805.47,0.00068
2026-01-12 12:51:44.233407+00:00,BTCUSDT,90805.47,0.00048
2026-01-12 12:51:44.233907+00:00,BTCUSDT,90805.47,0.00191
2026-01-12 12:51:44.234424+00:00,BTCUSDT,90805.47,0.03029
2026-01-12 12:51:44.235027+00:00,BTCUSDT,90805.47,9e-05
2026-01-12 12:51:44.235617+00:00,BTCUSDT,90805.47,0.0002
2026-01-12 12:51:44.236153+00:00,BTCUSDT,90805.47,0.0002
2026-01-12 12:51:44.236744+00:00,BTCUSDT,90805.47,9e-05
2026-01-12 12:51:44.237293+00:00,BTCUSDT,90805.47,9e-05
2026-01-12 12:51:44.237777+00:00,BTCUSDT,90805.47,9e-05
2026-01-12 12:51:44.238359+00:00,BTCUSDT,90805.47,6e-05
2026-01-12 12:51:44.238824+00:00,BTCUSDT,90805.47,0.0001
2026-01-12 12:51:44.239333+00:00,BTCUSDT,90805.47,9e-05
2026-01-12 12:51:44.239807+00:00,BTCUSDT,90805.47,9e-05
2026-01-12 12:51:44.240222+00:00,BTCUSDT,90805.47,9e-05
2026-01-12 12:51:44.240640+00:00,BTCUSDT,90805.47,9e-05
2026-01-12 12:51:44.241126+00:00,BTCUSDT,90805.47,0.00014
2026-01-12 12:51:44.241553+00:00,BTCUSDT,90805.47,0.0354
2026-01-12 12:51:44.241988+00:00,BTCUSDT,90805.47,9e-05
2026-01-12 12:51:44.242403+00:00,BTCUSDT,90805.47,9e-05
2026-01-12 12:51:44.242800+00:00,BTCUSDT,90805.47,0.00033
2026-01-12 12:51:44.243218+00:00,BTCUSDT,90805.47,0.00033
2026-01-12 12:51:44.243617+00:00,BTCUSDT,90805.47,9e-05
2026-01-12 12:51:44.244160+00:00,BTCUSDT,90805.47,0.00019
2026-01-12 12:51:44.244591+00:00,BTCUSDT,90805.47,0.0011
2026-01-12 12:51:44.245005+00:00,BTCUSDT,90805.47,0.0039
2026-01-12 12:51:44.245410+00:00,BTCUSDT,90805.47,0.00044
2026-01-12 12:51:44.245796+00:00,BTCUSDT,90805.47,6e-05
2026-01-12 12:51:44.246210+00:00,BTCUSDT,90805.47,0.00325
2026-01-12 12:51:44.246615+00:00,BTCUSDT,90805.47,6e-05
2026-01-12 12:51:44.247047+00:00,BTCUSDT,90805.47,6e-05
2026-01-12 12:51:44.247506+00:00,BTCUSDT,90805.47,6e-05
2026-01-12 12:51:44.247979+00:00,BTCUSDT,90805.47,0.08118
2026-01-12 12:51:44.248425+00:00,BTCUSDT,90805.47,0.0039
2026-01-12 12:51:44.248831+00:00,BTCUSDT,90805.47,6e-05
2026-01-12 12:51:44.249230+00:00,BTCUSDT,90805.47,7e-05
2026-01-12 12:51:44.249609+00:00,BTCUSDT,90805.47,6e-05
2026-01-12 12:51:44.249971+00:00,BTCUSDT,90805.47,6e-05
2026-01-12 12:51:44.250538+00:00,BTCUSDT,90805.47,9e-05
2026-01-12 12:51:44.250958+00:00,BTCUSDT,90805.47,9e-05
2026-01-12 12:51:44.251354+00:00,BTCUSDT,90805.47,9e-05
2026-01-12 12:51:44.251723+00:00,BTCUSDT,90805.47,9e-05
2026-01-12 12:51:44.252118+00:00,BTCUSDT,90805.47,6e-05
2026-01-12 12:51:44.252498+00:00,BTCUSDT,90805.47,6e-05
2026-01-12 12:51:44.252892+00:00,BTCUSDT,90805.47,6e-05
2026-01-12 12:51:44.253267+00:00,BTCUSDT,90805.47,6e-05
2026-01-12 12:51:44.253654+00:00,BTCUSDT,90805.47,6e-05
2026-01-12 12:51:44.254051+00:00,BTCUSDT,90805.47,6e-05
2026-01-12 12:51:44.254412+00:00,BTCUSDT,90805.47,6e-05
2026-01-12 12:51:44.254740+00:00,BTCUSDT,90805.47,6e-05
2026-01-12 12:51:44.255099+00:00,BTCUSDT,90805.47,6e-05
2026-01-12 12:51:44.255497+00:00,BTCUSDT,90805.47,6e-05
2026-01-12 12:51:44.255848+00:00,BTCUSDT,90805.47,6e-05
2026-01-12 12:51:44.256208+00:00,BTCUSDT,90805.47,6e-05
2026-01-12 12:51:44.256582+00:00,BTCUSDT,90805.47,6e-05
2026-01-12 12:51:44.256917+00:00,BTCUSDT,90805.47,6e-05
2026-01-12 12:51:44.257456+00:00,BTCUSDT,90805.47,6e-05
2026-01-12 12:51:44.257816+00:00,BTCUSDT,90805.47,6e-05
2026-01-12 12:51:44.258168+00:00,BTCUSDT,90805.47,6e-05
2026-01-12 12:51:44.258531+00:00,BTCUSDT,90805.47,6e-05
2026-01-12 12:51:44.258889+00:00,BTCUSDT,90805.47,6e-05
2026-01-12 12:51:44.259284+00:00,BTCUSDT,90805.47,6e-05
2026-01-12 12:51:44.259650+00:00,BTCUSDT,90805.47,6e-05
2026-01-12 12:51:44.260012+00:00,BTCUSDT,90805.47,6e-05
2026-01-12 12:51:44.260388+00:00,BTCUSDT,90805.46,0.001
2026-01-12 12:51:44.260762+00:00,BTCUSDT,90805.46,9e-05
2026-01-12 12:51:44.261180+00:00,BTCUSDT,90805.46,9e-05
2026-01-12 12:51:44.261541+00:00,BTCUSDT,90805.46,9e-05
2026-01-12 12:51:44.261919+00:00,BTCUSDT,90805.46,6e-05
2026-01-12 12:51:44.262299+00:00,BTCUSDT,90805.46,6e-05
2026-01-12 12:51:44.262656+00:00,BTCUSDT,90805.46,6e-05
2026-01-12 12:51:44.263018+00:00,BTCUSDT,90805.46,6e-05
2026-01-12 12:51:44.263379+00:00,BTCUSDT,90805.46,6e-05
2026-01-12 12:51:44.263767+00:00,BTCUSDT,90805.46,6e-05
2026-01-12 12:51:44.264167+00:00,BTCUSDT,90805.46,6e-05
2026-01-12 12:51:44.264504+00:00,BTCUSDT,90805.46,6e-05
2026-01-12 12:51:44.264833+00:00,BTCUSDT,90805.46,6e-05
2026-01-12 12:51:44.265304+00:00,BTCUSDT,90805.46,6e-05
2026-01-12 12:51:44.265673+00:00,BTCUSDT,90805.46,6e-05
2026-01-12 12:51:44.266073+00:00,BTCUSDT,90805.46,6e-05
2026-01-12 12:51:44.952822+00:00,BTCUSDT,90805.46,6e-05
2026-01-12 12:51:44.954556+00:00,BTCUSDT,90805.46,6e-05
2026-01-12 12:51:44.955604+00:00,BTCUSDT,90805.46,6e-05
2026-01-12 12:51:44.956491+00:00,BTCUSDT,90805.46,6e-05
2026-01-12 12:51:44.957348+00:00,BTCUSDT,90805.46,6e-05
2026-01-12 12:51:44.958233+00:00,BTCUSDT,90805.46,6e-05
2026-01-12 12:51:44.959007+00:00,BTCUSDT,90805.42,9e-05
2026-01-12 12:51:44.959768+00:00,BTCUSDT,90805.42,9e-05
2026-01-12 12:51:44.960480+00:00,BTCUSDT,90805.42,9e-05
2026-01-12 12:51:44.961168+00:00,BTCUSDT,90805.42,6e-05
2026-01-12 12:51:44.961866+00:00,BTCUSDT,90805.42,6e-05
2026-01-12 12:51:44.962525+00:00,BTCUSDT,90805.42,6e-05
2026-01-12 12:51:44.963264+00:00,BTCUSDT,90805.33,6e-05
2026-01-12 12:51:44.963925+00:00,BTCUSDT,90805.33,6e-05
2026-01-12 12:51:44.964578+00:00,BTCUSDT,90805.33,9e-05
2026-01-12 12:51:44.965173+00:00,BTCUSDT,90805.33,6e-05
2026-01-12 12:51:44.965723+00:00,BTCUSDT,90805.33,6e-05
2026-01-12 12:51:44.966318+00:00,BTCUSDT,90805.33,6e-05
2026-01-12 12:51:44.966855+00:00,BTCUSDT,90805.33,6e-05
2026-01-12 12:51:45.254033+00:00,BTCUSDT,90804.97,6e-05
2026-01-12 12:51:45.255635+00:00,BTCUSDT,90804.97,6e-05
2026-01-12 12:51:45.256799+00:00,BTCUSDT,90804.97,6e-05
2026-01-12 12:51:45.257521+00:00,BTCUSDT,90804.97,0.0012
2026-01-12 12:51:45.258770+00:00,BTCUSDT,90804.97,0.0012
2026-01-12 12:51:45.260306+00:00,BTCUSDT,90804.97,0.0012
2026-01-12 12:51:45.261183+00:00,BTCUSDT,90804.97,6e-05
2026-01-12 12:51:45.261871+00:00,BTCUSDT,90804.97,6e-05
2026-01-12 12:51:45.263091+00:00,BTCUSDT,90804.97,6e-05
2026-01-12 12:51:45.264598+00:00,BTCUSDT,90804.97,0.0012
2026-01-12 12:51:45.265871+00:00,BTCUSDT,90804.97,6e-05
2026-01-12 12:51:45.266617+00:00,BTCUSDT,90804.97,6e-05
2026-01-12 12:51:45.267387+00:00,BTCUSDT,90804.96,6e-05
2026-01-12 12:51:45.267968+00:00,BTCUSDT,90804.96,6e-05
2026-01-12 12:51:45.268563+00:00,BTCUSDT,90804.96,6e-05
2026-01-12 12:51:45.269093+00:00,BTCUSDT,90804.96,6e-05
2026-01-12 12:51:45.269565+00:00,BTCUSDT,90804.96,6e-05
2026-01-12 12:51:45.270047+00:00,BTCUSDT,90804.96,6e-05
2026-01-12 12:51:45.270499+00:00,BTCUSDT,90804.96,6e-05
2026-01-12 12:51:45.270999+00:00,BTCUSDT,90804.96,6e-05
2026-01-12 12:51:45.271494+00:00,BTCUSDT,90804.96,6e-05
2026-01-12 12:51:45.271996+00:00,BTCUSDT,90804.96,6e-05
2026-01-12 12:51:45.272611+00:00,BTCUSDT,90804.96,6e-05
2026-01-12 12:51:45.273248+00:00,BTCUSDT,90804.96,6e-05
2026-01-12 12:51:45.273734+00:00,BTCUSDT,90804.96,6e-05
2026-01-12 12:51:45.274204+00:00,BTCUSDT,90804.96,6e-05
2026-01-12 12:51:45.274757+00:00,BTCUSDT,90804.96,6e-05
2026-01-12 12:51:45.877676+00:00,BTCUSDT,90804.94,9e-05
2026-01-12 12:51:45.884067+00:00,BTCUSDT,90804.94,6e-05
2026-01-12 12:51:45.885535+00:00,BTCUSDT,90804.94,6e-05
2026-01-12 12:51:45.886376+00:00,BTCUSDT,90804.94,9e-05
2026-01-12 12:51:45.887083+00:00,BTCUSDT,90804.94,9e-05
2026-01-12 12:51:45.888397+00:00,BTCUSDT,90804.94,6e-05
2026-01-12 12:51:45.890158+00:00,BTCUSDT,90804.94,6e-05
2026-01-12 12:51:45.891589+00:00,BTCUSDT,90804.94,6e-05
2026-01-12 12:51:45.892145+00:00,BTCUSDT,90804.94,6e-05
2026-01-12 12:51:45.892601+00:00,BTCUSDT,90804.94,6e-05
2026-01-12 12:51:45.893076+00:00,BTCUSDT,90804.94,6e-05
2026-01-12 12:51:45.893535+00:00,BTCUSDT,90804.94,9e-05
2026-01-12 12:51:45.893934+00:00,BTCUSDT,90804.94,6e-05
2026-01-12 12:51:45.894312+00:00,BTCUSDT,90804.94,6e-05
2026-01-12 12:51:45.894656+00:00,BTCUSDT,90804.94,6e-05
2026-01-12 12:51:45.895033+00:00,BTCUSDT,90804.94,6e-05
2026-01-12 12:51:45.895415+00:00,BTCUSDT,90804.94,6e-05
2026-01-12 12:51:45.896142+00:00,BTCUSDT,90804.94,6e-05
2026-01-12 12:51:45.896618+00:00,BTCUSDT,90804.94,6e-05
2026-01-12 12:51:45.897028+00:00,BTCUSDT,90804.94,6e-05
2026-01-12 12:51:45.897440+00:00,BTCUSDT,90804.94,6e-05
2026-01-12 12:51:45.898066+00:00,BTCUSDT,90804.94,6e-05
2026-01-12 12:51:45.898635+00:00,BTCUSDT,90804.94,6e-05
2026-01-12 12:51:45.899020+00:00,BTCUSDT,90804.93,6e-05
2026-01-12 12:51:45.899484+00:00,BTCUSDT,90804.93,6e-05
2026-01-12 12:51:45.900035+00:00,BTCUSDT,90804.93,6e-05
2026-01-12 12:51:45.900638+00:00,BTCUSDT,90804.93,6e-05
2026-01-12 12:51:45.901162+00:00,BTCUSDT,90804.93,6e-05
2026-01-12 12:51:45.901554+00:00,BTCUSDT,90804.93,6e-05
2026-01-12 12:51:45.901963+00:00,BTCUSDT,90804.93,6e-05
2026-01-12 12:51:45.902433+00:00,BTCUSDT,90804.93,6e-05
2026-01-12 12:51:45.902902+00:00,BTCUSDT,90804.93,6e-05
2026-01-12 12:51:45.903970+00:00,BTCUSDT,90804.93,6e-05
2026-01-12 12:51:45.904996+00:00,BTCUSDT,90804.93,6e-05
2026-01-12 12:51:46.180280+00:00,BTCUSDT,90804.35,6e-05
2026-01-12 12:51:46.182802+00:00,BTCUSDT,90804.35,6e-05
2026-01-12 12:51:46.183695+00:00,BTCUSDT,90804.35,6e-05
2026-01-12 12:51:46.184694+00:00,BTCUSDT,90804.35,6e-05
2026-01-12 12:51:46.185692+00:00,BTCUSDT,90804.35,6e-05
2026-01-12 12:51:46.186484+00:00,BTCUSDT,90804.35,6e-05
2026-01-12 12:51:46.187184+00:00,BTCUSDT,90804.35,6e-05
2026-01-12 12:51:46.187854+00:00,BTCUSDT,90804.35,6e-05
2026-01-12 12:51:46.188486+00:00,BTCUSDT,90804.35,9e-05
2026-01-12 12:51:46.189153+00:00,BTCUSDT,90804.35,9e-05
2026-01-12 12:51:46.189802+00:00,BTCUSDT,90804.35,9e-05
2026-01-12 12:51:46.190371+00:00,BTCUSDT,90804.35,6e-05
2026-01-12 12:51:46.190867+00:00,BTCUSDT,90804.35,6e-05
2026-01-12 12:51:46.191365+00:00,BTCUSDT,90804.35,6e-05
2026-01-12 12:51:46.191857+00:00,BTCUSDT,90804.35,9e-05
2026-01-12 12:51:46.192350+00:00,BTCUSDT,90804.35,6e-05
2026-01-12 12:51:46.192837+00:00,BTCUSDT,90804.35,6e-05
2026-01-12 12:51:46.193358+00:00,BTCUSDT,90804.35,6e-05
2026-01-12 12:51:46.193851+00:00,BTCUSDT,90804.35,6e-05
2026-01-12 12:51:46.194346+00:00,BTCUSDT,90804.35,6e-05
2026-01-12 12:51:46.194835+00:00,BTCUSDT,90804.35,6e-05
2026-01-12 12:51:46.195370+00:00,BTCUSDT,90804.35,6e-05
2026-01-12 12:51:46.195868+00:00,BTCUSDT,90804.35,6e-05
2026-01-12 12:51:46.196392+00:00,BTCUSDT,90804.35,9e-05
2026-01-12 12:51:46.196912+00:00,BTCUSDT,90804.34,6e-05
2026-01-12 12:51:46.197517+00:00,BTCUSDT,90804.34,6e-05
2026-01-12 12:51:46.198143+00:00,BTCUSDT,90804.34,6e-05
2026-01-12 12:51:46.198894+00:00,BTCUSDT,90804.34,6e-05
2026-01-12 12:51:46.199610+00:00,BTCUSDT,90804.34,6e-05
2026-01-12 12:51:46.200198+00:00,BTCUSDT,90804.34,6e-05
2026-01-12 12:51:46.200736+00:00,BTCUSDT,90804.34,6e-05
2026-01-12 12:51:46.201278+00:00,BTCUSDT,90804.34,6e-05
2026-01-12 12:51:46.201758+00:00,BTCUSDT,90804.34,6e-05
2026-01-12 12:51:46.202220+00:00,BTCUSDT,90804.34,6e-05
2026-01-12 12:51:46.202663+00:00,BTCUSDT,90804.34,6e-05
2026-01-12 12:51:46.203193+00:00,BTCUSDT,90804.34,6e-05
2026-01-12 12:51:46.203715+00:00,BTCUSDT,90804.34,6e-05
2026-01-12 12:51:46.204226+00:00,BTCUSDT,90803.85,6e-05
2026-01-12 12:51:46.204684+00:00,BTCUSDT,90803.28,6e-05
2026-01-12 12:51:46.205201+00:00,BTCUSDT,90803.28,6e-05
2026-01-12 12:51:46.205694+00:00,BTCUSDT,90803.28,6e-05
2026-01-12 12:51:46.206156+00:00,BTCUSDT,90802.89,0.05293
2026-01-12 12:51:46.206590+00:00,BTCUSDT,90801.36,6e-05
2026-01-12 12:51:46.207067+00:00,BTCUSDT,90801.29,6e-05
2026-01-12 12:51:46.207560+00:00,BTCUSDT,90801.29,6e-05
2026-01-12 12:51:46.208057+00:00,BTCUSDT,90801.29,6e-05
2026-01-12 12:51:46.483729+00:00,BTCUSDT,90801.28,0.00475
2026-01-12 12:51:46.485496+00:00,BTCUSDT,90801.28,0.00345
2026-01-12 12:51:46.487540+00:00,BTCUSDT,90801.28,0.01143
2026-01-12 12:51:46.842296+00:00,BTCUSDT,90801.29,8e-05
2026-01-12 12:51:47.811690+00:00,BTCUSDT,90801.28,0.02993
2026-01-12 12:51:47.813281+00:00,BTCUSDT,90801.28,0.01566
2026-01-12 12:51:47.814152+00:00,BTCUSDT,90801.28,0.00517
2026-01-12 12:51:47.815306+00:00,BTCUSDT,90801.28,6e-05
2026-01-12 12:51:47.816091+00:00,BTCUSDT,90801.28,6e-05
2026-01-12 12:51:47.816827+00:00,BTCUSDT,90801.28,9e-05
2026-01-12 12:51:47.817534+00:00,BTCUSDT,90801.28,9e-05
2026-01-12 12:51:47.818123+00:00,BTCUSDT,90801.28,9e-05
2026-01-12 12:51:47.818697+00:00,BTCUSDT,90801.28,6e-05
2026-01-12 12:51:47.819289+00:00,BTCUSDT,90801.28,6e-05
2026-01-12 12:51:47.819811+00:00,BTCUSDT,90801.28,6e-05
2026-01-12 12:51:47.820403+00:00,BTCUSDT,90801.28,6e-05
2026-01-12 12:51:47.821015+00:00,BTCUSDT,90801.28,6e-05
2026-01-12 12:51:47.821554+00:00,BTCUSDT,90801.28,9e-05
2026-01-12 12:51:47.822111+00:00,BTCUSDT,90801.28,9e-05
2026-01-12 12:51:47.822701+00:00,BTCUSDT,90801.28,9e-05
2026-01-12 12:51:47.823288+00:00,BTCUSDT,90801.28,9e-05
2026-01-12 12:51:47.823838+00:00,BTCUSDT,90801.28,6e-05
2026-01-12 12:51:47.824367+00:00,BTCUSDT,90801.28,6e-05
2026-01-12 12:51:47.824949+00:00,BTCUSDT,90801.28,6e-05
2026-01-12 12:51:47.825461+00:00,BTCUSDT,90801.28,6e-05
2026-01-12 12:51:47.825998+00:00,BTCUSDT,90801.28,6e-05
2026-01-12 12:51:47.826631+00:00,BTCUSDT,90801.28,0.00012
2026-01-12 12:51:47.827240+00:00,BTCUSDT,90801.28,6e-05
2026-01-12 12:51:47.827778+00:00,BTCUSDT,90801.28,6e-05
2026-01-12 12:51:47.828351+00:00,BTCUSDT,90801.28,6e-05
2026-01-12 12:51:47.828934+00:00,BTCUSDT,90801.28,6e-05
2026-01-12 12:51:47.829436+00:00,BTCUSDT,90801.28,6e-05
2026-01-12 12:51:47.829913+00:00,BTCUSDT,90801.28,6e-05
2026-01-12 12:51:47.830340+00:00,BTCUSDT,90801.28,6e-05
2026-01-12 12:51:47.830760+00:00,BTCUSDT,90801.28,6e-05
2026-01-12 12:51:47.831256+00:00,BTCUSDT,90801.28,6e-05
2026-01-12 12:51:47.831728+00:00,BTCUSDT,90801.28,6e-05
2026-01-12 12:51:47.832215+00:00,BTCUSDT,90801.28,6e-05
2026-01-12 12:51:47.832691+00:00,BTCUSDT,90801.28,6e-05
2026-01-12 12:51:47.833202+00:00,BTCUSDT,90801.28,6e-05
2026-01-12 12:51:47.833682+00:00,BTCUSDT,90801.28,9e-05
2026-01-12 12:51:47.834131+00:00,BTCUSDT,90801.28,0.00406
2026-01-12 12:51:47.834555+00:00,BTCUSDT,90801.28,6e-05
2026-01-12 12:51:47.834977+00:00,BTCUSDT,90801.28,6e-05
2026-01-12 12:51:47.835409+00:00,BTCUSDT,90801.28,9e-05
2026-01-12 12:51:47.835841+00:00,BTCUSDT,90801.28,9e-05
2026-01-12 12:51:47.836284+00:00,BTCUSDT,90801.28,9e-05
2026-01-12 12:51:47.836715+00:00,BTCUSDT,90801.28,6e-05
2026-01-12 12:51:47.837211+00:00,BTCUSDT,90801.28,6e-05
2026-01-12 12:51:47.837732+00:00,BTCUSDT,90801.28,6e-05
2026-01-12 12:51:47.838327+00:00,BTCUSDT,90801.28,6e-05
2026-01-12 12:51:47.838922+00:00,BTCUSDT,90801.28,6e-05
2026-01-12 12:51:47.839582+00:00,BTCUSDT,90801.28,6e-05
2026-01-12 12:51:47.840236+00:00,BTCUSDT,90801.28,0.05412
2026-01-12 12:51:47.840707+00:00,BTCUSDT,90801.28,6e-05
2026-01-12 12:51:47.841203+00:00,BTCUSDT,90801.28,6e-05
2026-01-12 12:51:47.841635+00:00,BTCUSDT,90801.28,6e-05
2026-01-12 12:51:47.842060+00:00,BTCUSDT,90801.28,6e-05
2026-01-12 12:51:47.842472+00:00,BTCUSDT,90801.28,6e-05
2026-01-12 12:51:47.842898+00:00,BTCUSDT,90801.27,9e-05
2026-01-12 12:51:47.843354+00:00,BTCUSDT,90801.27,9e-05
2026-01-12 12:51:47.843788+00:00,BTCUSDT,90801.27,9e-05
2026-01-12 12:51:47.844242+00:00,BTCUSDT,90801.27,6e-05
2026-01-12 12:51:47.844656+00:00,BTCUSDT,90801.27,6e-05
2026-01-12 12:51:47.845144+00:00,BTCUSDT,90801.27,6e-05
2026-01-12 12:51:47.845599+00:00,BTCUSDT,90801.27,6e-05
2026-01-12 12:51:47.846071+00:00,BTCUSDT,90801.27,6e-05
2026-01-12 12:51:47.846637+00:00,BTCUSDT,90801.27,6e-05
2026-01-12 12:51:47.847207+00:00,BTCUSDT,90801.27,6e-05
2026-01-12 12:51:47.847703+00:00,BTCUSDT,90801.27,6e-05
2026-01-12 12:51:47.848329+00:00,BTCUSDT,90801.27,6e-05
2026-01-12 12:51:47.848770+00:00,BTCUSDT,90801.27,6e-05
2026-01-12 12:51:47.849535+00:00,BTCUSDT,90801.27,6e-05
2026-01-12 12:51:47.850011+00:00,BTCUSDT,90801.27,6e-05
2026-01-12 12:51:47.850411+00:00,BTCUSDT,90801.27,6e-05
2026-01-12 12:51:47.850791+00:00,BTCUSDT,90801.27,6e-05
2026-01-12 12:51:47.851196+00:00,BTCUSDT,90801.27,6e-05
2026-01-12 12:51:47.851603+00:00,BTCUSDT,90801.27,6e-05
2026-01-12 12:51:47.852030+00:00,BTCUSDT,90801.27,6e-05
2026-01-12 12:51:47.852522+00:00,BTCUSDT,90801.27,6e-05
2026-01-12 12:51:47.853156+00:00,BTCUSDT,90801.27,6e-05
2026-01-12 12:51:47.853575+00:00,BTCUSDT,90801.26,9e-05
2026-01-12 12:51:47.854029+00:00,BTCUSDT,90801.26,9e-05
2026-01-12 12:51:47.854460+00:00,BTCUSDT,90801.26,9e-05
2026-01-12 12:51:47.854927+00:00,BTCUSDT,90800.78,6e-05
2026-01-12 12:51:47.855369+00:00,BTCUSDT,90800.78,6e-05
2026-01-12 12:51:47.855769+00:00,BTCUSDT,90800.78,6e-05
2026-01-12 12:51:47.856222+00:00,BTCUSDT,90800.78,6e-05
2026-01-12 12:51:47.856616+00:00,BTCUSDT,90800.77,6e-05
2026-01-12 12:51:47.857062+00:00,BTCUSDT,90800.77,6e-05
2026-01-12 12:51:47.857505+00:00,BTCUSDT,90800.77,6e-05
2026-01-12 12:51:48.045653+00:00,BTCUSDT,90800.6,6e-05
2026-01-12 12:51:48.047178+00:00,BTCUSDT,90800.6,6e-05
2026-01-12 12:51:48.047871+00:00,BTCUSDT,90800.6,6e-05
2026-01-12 12:51:48.048483+00:00,BTCUSDT,90800.6,6e-05
2026-01-12 12:51:48.049093+00:00,BTCUSDT,90800.6,6e-05
2026-01-12 12:51:48.049723+00:00,BTCUSDT,90800.6,9e-05
2026-01-12 12:51:48.050285+00:00,BTCUSDT,90800.6,9e-05
2026-01-12 12:51:48.050813+00:00,BTCUSDT,90800.6,6e-05
2026-01-12 12:51:48.051351+00:00,BTCUSDT,90800.6,6e-05
2026-01-12 12:51:48.051920+00:00,BTCUSDT,90800.6,9e-05
2026-01-12 12:51:48.052373+00:00,BTCUSDT,90800.6,9e-05
2026-01-12 12:51:48.052812+00:00,BTCUSDT,90800.6,6e-05
2026-01-12 12:51:48.053300+00:00,BTCUSDT,90800.6,6e-05
2026-01-12 12:51:48.053737+00:00,BTCUSDT,90800.6,6e-05
2026-01-12 12:51:48.054191+00:00,BTCUSDT,90800.6,6e-05
2026-01-12 12:51:48.054629+00:00,BTCUSDT,90800.6,6e-05
2026-01-12 12:51:48.055070+00:00,BTCUSDT,90800.6,6e-05
2026-01-12 12:51:48.055489+00:00,BTCUSDT,90800.6,6e-05
2026-01-12 12:51:48.055965+00:00,BTCUSDT,90800.6,6e-05
2026-01-12 12:51:48.056435+00:00,BTCUSDT,90800.6,6e-05
2026-01-12 12:51:48.056872+00:00,BTCUSDT,90800.6,6e-05
2026-01-12 12:51:48.057293+00:00,BTCUSDT,90800.6,6e-05
2026-01-12 12:51:48.057705+00:00,BTCUSDT,90800.6,6e-05
2026-01-12 12:51:48.058124+00:00,BTCUSDT,90800.6,0.00012
2026-01-12 12:51:48.058602+00:00,BTCUSDT,90800.6,9e-05
2026-01-12 12:51:48.059033+00:00,BTCUSDT,90800.6,9e-05
2026-01-12 12:51:48.059471+00:00,BTCUSDT,90800.6,6e-05
2026-01-12 12:51:48.059892+00:00,BTCUSDT,90800.6,6e-05
2026-01-12 12:51:48.060296+00:00,BTCUSDT,90800.59,6e-05
2026-01-12 12:51:48.060655+00:00,BTCUSDT,90800.59,6e-05
2026-01-12 12:51:48.061032+00:00,BTCUSDT,90800.59,6e-05
2026-01-12 12:51:48.061410+00:00,BTCUSDT,90800.59,6e-05
2026-01-12 12:51:48.061772+00:00,BTCUSDT,90800.59,6e-05
2026-01-12 12:51:48.062167+00:00,BTCUSDT,90800.59,6e-05
2026-01-12 12:51:48.062824+00:00,BTCUSDT,90800.59,6e-05
2026-01-12 12:51:48.063216+00:00,BTCUSDT,90800.59,6e-05
2026-01-12 12:51:48.063640+00:00,BTCUSDT,90800.59,6e-05
2026-01-12 12:51:48.064052+00:00,BTCUSDT,90800.59,6e-05
2026-01-12 12:51:48.064429+00:00,BTCUSDT,90800.59,6e-05
