time,symbol,quantity,price
2025-12-09 15:20:18.382639+00,BTCUSDT,0.00057,90888.99
2025-12-09 15:20:18.207235+00,BTCUSDT,0.00992,90888.99
2025-12-09 15:20:18.206831+00,BTCUSDT,8e-05,90888.99
2025-12-09 15:20:18.206266+00,BTCUSDT,0.10006,90888.99
2025-12-09 15:20:18.115111+00,ETHUSDT,0.3436,3139.45
2025-12-09 15:20:18.107158+00,BTCUSDT,0.00449,90888.99
2025-12-09 15:20:18.106827+00,BTCUSDT,6e-05,90888.99
2025-12-09 15:20:18.10638+00,BTCUSDT,6e-05,90888.99
2025-12-09 15:20:18.105943+00,BTCUSDT,7e-05,90888.99
2025-12-09 15:20:18.105561+00,BTCUSDT,6e-05,90889
2025-12-09 15:20:18.104799+00,BTCUSDT,6e-05,90889
2025-12-09 15:20:18.102508+00,BTCUSDT,6e-05,90889
2025-12-09 15:20:18.098763+00,BTCUSDT,0.00544,90889.07
2025-12-09 15:20:18.096184+00,BTCUSDT,6e-05,90889.87
2025-12-09 15:20:18.094518+00,BTCUSDT,0.001,90890
2025-12-09 15:20:18.09337+00,BTCUSDT,6e-05,90890.31
2025-12-09 15:20:18.092457+00,BTCUSDT,6e-05,90890.39
2025-12-09 15:20:18.091903+00,BTCUSDT,6e-05,90890.68
2025-12-09 15:20:18.091526+00,BTCUSDT,6e-05,90890.68
2025-12-09 15:20:18.091199+00,BTCUSDT,7e-05,90890.69
2025-12-09 15:20:18.090777+00,BTCUSDT,6e-05,90890.8
2025-12-09 15:20:18.090351+00,BTCUSDT,6e-05,90890.8
2025-12-09 15:20:18.089742+00,BTCUSDT,6e-05,90890.8
2025-12-09 15:20:18.089306+00,BTCUSDT,7e-05,90890.8
2025-12-09 15:20:18.088845+00,BTCUSDT,6e-05,90890.8
2025-12-09 15:20:18.087583+00,BTCUSDT,6e-05,90891.6
2025-12-09 15:20:18.084361+00,BTCUSDT,6e-05,90891.6
2025-12-09 15:20:18.08238+00,BTCUSDT,6e-05,90891.9
2025-12-09 15:20:18.078204+00,BTCUSDT,6e-05,90891.9
2025-12-09 15:20:18.077305+00,BTCUSDT,6e-05,90891.9
2025-12-09 15:20:18.076156+00,BTCUSDT,0.00274,90891.9
2025-12-09 15:20:18.07369+00,BTCUSDT,6e-05,90893.06
2025-12-09 15:20:18.072524+00,BTCUSDT,6e-05,90893.06
2025-12-09 15:20:18.070943+00,BTCUSDT,6e-05,90893.06
2025-12-09 15:20:18.068881+00,BTCUSDT,7e-05,90893.4
2025-12-09 15:20:18.064854+00,BTCUSDT,6e-05,90893.64
2025-12-09 15:20:18.062297+00,BTCUSDT,6e-05,90893.64
2025-12-09 15:20:18.061281+00,BTCUSDT,0.01262,90893.64
2025-12-09 15:20:18.059642+00,BTCUSDT,6e-05,90893.65
2025-12-09 15:20:18.058549+00,BTCUSDT,6e-05,90893.65
2025-12-09 15:20:18.057959+00,BTCUSDT,6e-05,90893.65
2025-12-09 15:20:18.057325+00,BTCUSDT,6e-05,90894.03
2025-12-09 15:20:18.055882+00,BTCUSDT,6e-05,90894.03
2025-12-09 15:20:18.053623+00,BTCUSDT,8e-05,90894.03
2025-12-09 15:20:18.048167+00,BTCUSDT,6e-05,90894.03
2025-12-09 15:20:18.044885+00,BTCUSDT,0.00088,90894.03
2025-12-09 15:20:18.043012+00,BTCUSDT,6e-05,90894.17
2025-12-09 15:20:18.041815+00,BTCUSDT,6e-05,90894.17
2025-12-09 15:20:18.040306+00,BTCUSDT,6e-05,90894.17
2025-12-09 15:20:18.039422+00,BTCUSDT,6e-05,90894.52
2025-12-09 15:20:18.038457+00,BTCUSDT,7e-05,90894.71
2025-12-09 15:20:18.02757+00,BTCUSDT,6e-05,90894.74
2025-12-09 15:20:18.02506+00,BTCUSDT,8e-05,90894.93
2025-12-09 15:20:18.021938+00,BTCUSDT,0.003,90894.93
2025-12-09 15:20:18.019027+00,BTCUSDT,6e-05,90895.11
2025-12-09 15:20:18.015488+00,BTCUSDT,6e-05,90895.11
2025-12-09 15:20:18.011388+00,BTCUSDT,6e-05,90895.11
2025-12-09 15:20:18.009841+00,BTCUSDT,6e-05,90895.17
2025-12-09 15:20:18.008742+00,BTCUSDT,6e-05,90895.17
2025-12-09 15:20:18.008408+00,BTCUSDT,8e-05,90895.17
2025-12-09 15:20:18.007886+00,BTCUSDT,8e-05,90895.17
2025-12-09 15:20:18.006728+00,BTCUSDT,8e-05,90895.17
2025-12-09 15:20:18.006214+00,BTCUSDT,6e-05,90895.34
2025-12-09 15:20:18.005736+00,BTCUSDT,6e-05,90895.7
2025-12-09 15:20:18.005078+00,BTCUSDT,6e-05,90895.7
2025-12-09 15:20:18.004449+00,BTCUSDT,6e-05,90895.7
2025-12-09 15:20:18.003888+00,BTCUSDT,7e-05,90896.11
2025-12-09 15:20:18.002395+00,BTCUSDT,6e-05,90896.37
2025-12-09 15:20:17.998956+00,BTCUSDT,6e-05,90896.37
2025-12-09 15:20:17.993484+00,BTCUSDT,6e-05,90896.37
2025-12-09 15:20:17.990346+00,BTCUSDT,6e-05,90896.37
2025-12-09 15:20:17.989614+00,BTCUSDT,6e-05,90896.37
2025-12-09 15:20:17.989168+00,BTCUSDT,6e-05,90896.37
2025-12-09 15:20:17.988733+00,BTCUSDT,6e-05,90896.37
2025-12-09 15:20:17.988204+00,BTCUSDT,6e-05,90896.37
2025-12-09 15:20:17.987392+00,BTCUSDT,6e-05,90896.37
2025-12-09 15:20:17.976508+00,BTCUSDT,6e-05,90896.37
2025-12-09 15:20:17.974763+00,BTCUSDT,6e-05,90896.37
2025-12-09 15:20:17.972774+00,BTCUSDT,6e-05,90896.37
2025-12-09 15:20:17.971013+00,BTCUSDT,8e-05,90896.37
2025-12-09 15:20:17.969819+00,BTCUSDT,8e-05,90896.37
2025-12-09 15:20:17.965973+00,BTCUSDT,8e-05,90896.37
2025-12-09 15:20:17.961714+00,BTCUSDT,6e-05,90896.37
2025-12-09 15:20:17.959452+00,BTCUSDT,6e-05,90896.37
2025-12-09 15:20:17.958182+00,BTCUSDT,6e-05,90896.37
2025-12-09 15:20:17.95713+00,BTCUSDT,6e-05,90896.38
2025-12-09 15:20:17.955963+00,BTCUSDT,6e-05,90896.38
2025-12-09 15:20:17.954766+00,BTCUSDT,6e-05,90896.38
2025-12-09 15:20:17.953414+00,BTCUSDT,6e-05,90896.38
2025-12-09 15:20:17.947429+00,BTCUSDT,6e-05,90896.38
2025-12-09 15:20:17.94285+00,BTCUSDT,6e-05,90896.38
2025-12-09 15:20:17.9413+00,BTCUSDT,8e-05,90896.38
2025-12-09 15:20:17.939508+00,BTCUSDT,8e-05,90896.38
2025-12-09 15:20:17.938817+00,BTCUSDT,8e-05,90896.38
2025-12-09 15:20:17.936694+00,BTCUSDT,8e-05,90896.38
2025-12-09 15:20:17.932359+00,BTCUSDT,8e-05,90896.38
2025-12-09 15:20:17.929659+00,BTCUSDT,8e-05,90896.38
2025-12-09 15:20:17.927378+00,BTCUSDT,6e-05,90896.38
2025-12-09 15:20:17.92633+00,BTCUSDT,6e-05,90896.38
2025-12-09 15:20:17.925862+00,BTCUSDT,6e-05,90896.38
2025-12-09 15:20:17.925354+00,BTCUSDT,6e-05,90896.38
2025-12-09 15:20:17.924887+00,BTCUSDT,6e-05,90896.38
2025-12-09 15:20:17.924564+00,BTCUSDT,6e-05,90896.38
2025-12-09 15:20:17.923769+00,BTCUSDT,6e-05,90896.38
2025-12-09 15:20:17.923221+00,BTCUSDT,6e-05,90896.38
2025-12-09 15:20:17.922801+00,BTCUSDT,0.0055,90896.38
2025-12-09 15:20:17.922422+00,BTCUSDT,8e-05,90896.38
2025-12-09 15:20:17.921909+00,BTCUSDT,6e-05,90896.38
2025-12-09 15:20:17.920331+00,BTCUSDT,0.00012,90896.38
2025-12-09 15:20:17.918899+00,BTCUSDT,6e-05,90896.38
2025-12-09 15:20:17.916731+00,BTCUSDT,0.00012,90896.38
2025-12-09 15:20:17.912663+00,BTCUSDT,6e-05,90896.38
2025-12-09 15:20:17.910776+00,BTCUSDT,6e-05,90896.38
2025-12-09 15:20:17.910211+00,BTCUSDT,6e-05,90896.38
2025-12-09 15:20:17.909372+00,BTCUSDT,6e-05,90896.38
2025-12-09 15:20:17.906989+00,BTCUSDT,0.00012,90896.38
2025-12-09 15:20:17.904674+00,BTCUSDT,6e-05,90896.38
2025-12-09 15:20:17.902269+00,BTCUSDT,8e-05,90896.38
2025-12-09 15:20:17.900036+00,BTCUSDT,8e-05,90896.38
2025-12-09 15:20:17.899558+00,BTCUSDT,6e-05,90896.38
2025-12-09 15:20:17.899048+00,BTCUSDT,6e-05,90896.38
2025-12-09 15:20:17.898054+00,BTCUSDT,8e-05,90896.38
2025-12-09 15:20:17.892982+00,ETHUSDT,0.0017,3139.45
2025-12-09 15:20:17.89194+00,ETHUSDT,0.0016,3139.49
2025-12-09 15:20:17.890063+00,ETHUSDT,0.0016,3139.49
2025-12-09 15:20:17.886138+00,ETHUSDT,0.016,3139.49
2025-12-09 15:20:17.882643+00,ETHUSDT,0.0017,3139.49
2025-12-09 15:20:17.879506+00,ETHUSDT,0.0016,3139.5
2025-12-09 15:20:17.877191+00,ETHUSDT,0.0016,3139.5
2025-12-09 15:20:17.874784+00,ETHUSDT,0.0016,3139.5
2025-12-09 15:20:17.873981+00,ETHUSDT,0.0017,3139.5
2025-12-09 15:20:17.873229+00,ETHUSDT,0.0016,3139.5
2025-12-09 15:20:17.871692+00,ETHUSDT,0.0016,3139.5
2025-12-09 15:20:17.868833+00,ETHUSDT,0.0017,3139.51
2025-12-09 15:20:17.866275+00,ETHUSDT,0.0017,3139.51
2025-12-09 15:20:17.861774+00,ETHUSDT,0.0024,3139.52
2025-12-09 15:20:17.859855+00,ETHUSDT,0.0027,3139.52
2025-12-09 15:20:17.85829+00,ETHUSDT,0.0017,3139.52
2025-12-09 15:20:17.856044+00,ETHUSDT,0.0016,3139.52
2025-12-09 15:20:17.853245+00,ETHUSDT,0.0017,3139.52
2025-12-09 15:20:17.845808+00,ETHUSDT,0.0027,3139.52
2025-12-09 15:20:17.843293+00,ETHUSDT,0.0024,3139.52
2025-12-09 15:20:17.840707+00,ETHUSDT,0.0122,3139.52
2025-12-09 15:20:17.83902+00,ETHUSDT,0.0027,3139.52
2025-12-09 15:20:17.837983+00,ETHUSDT,0.0027,3139.52
2025-12-09 15:20:17.835663+00,ETHUSDT,0.0027,3139.52
2025-12-09 15:20:17.832588+00,ETHUSDT,0.0027,3139.52
2025-12-09 15:20:17.828241+00,ETHUSDT,0.0027,3139.52
2025-12-09 15:20:17.824831+00,ETHUSDT,0.0027,3139.52
2025-12-09 15:20:17.824198+00,ETHUSDT,0.0032,3139.52
2025-12-09 15:20:17.822651+00,ETHUSDT,0.0032,3139.52
2025-12-09 15:20:17.804152+00,ETHUSDT,0.0024,3139.52
2025-12-09 15:20:17.775024+00,ETHUSDT,0.0024,3139.52
2025-12-09 15:20:17.757395+00,ETHUSDT,0.0027,3139.52
2025-12-09 15:20:17.740248+00,ETHUSDT,0.0024,3139.52
2025-12-09 15:20:17.735619+00,ETHUSDT,0.0024,3139.52
2025-12-09 15:20:17.727302+00,ETHUSDT,0.0024,3139.52
2025-12-09 15:20:17.723948+00,ETHUSDT,0.0032,3139.52
2025-12-09 15:20:17.721566+00,ETHUSDT,0.0024,3139.52
2025-12-09 15:20:17.645701+00,BTCUSDT,0.00024,90896.39
2025-12-09 15:20:17.588316+00,ETHUSDT,0.7747,3139.52
2025-12-09 15:20:17.587155+00,ETHUSDT,0.4782,3139.52
2025-12-09 15:20:17.586188+00,ETHUSDT,1.3759,3139.52
2025-12-09 15:20:17.585791+00,ETHUSDT,0.5446,3139.52
2025-12-09 15:20:17.584974+00,ETHUSDT,0.0017,3139.52
2025-12-09 15:20:17.583383+00,ETHUSDT,0.0016,3139.52
2025-12-09 15:20:17.582322+00,ETHUSDT,0.0096,3139.52
2025-12-09 15:20:17.514149+00,BTCUSDT,0.00261,90896.39
2025-12-09 15:20:17.333622+00,ETHUSDT,0.1327,3139.53
2025-12-09 15:20:17.331599+00,ETHUSDT,0.0016,3139.53
2025-12-09 15:20:17.331035+00,ETHUSDT,0.0017,3139.53
2025-12-09 15:20:17.329004+00,ETHUSDT,0.0016,3139.53
2025-12-09 15:20:17.327342+00,ETHUSDT,0.005,3139.54
2025-12-09 15:20:17.326849+00,ETHUSDT,0.0017,3139.54
2025-12-09 15:20:17.326015+00,ETHUSDT,0.0017,3139.55
2025-12-09 15:20:17.325547+00,ETHUSDT,0.0017,3139.56
2025-12-09 15:20:17.325008+00,ETHUSDT,0.0017,3139.57
2025-12-09 15:20:17.324401+00,ETHUSDT,0.0016,3139.58
2025-12-09 15:20:17.320863+00,ETHUSDT,0.0032,3139.58
2025-12-09 15:20:17.316969+00,ETHUSDT,0.0032,3139.58
2025-12-09 15:20:17.313636+00,ETHUSDT,0.0024,3139.58
2025-12-09 15:20:17.308706+00,ETHUSDT,0.0024,3139.58
2025-12-09 15:20:17.307919+00,ETHUSDT,0.0024,3139.58
2025-12-09 15:20:17.307212+00,ETHUSDT,0.0024,3139.58
2025-12-09 15:20:17.306499+00,ETHUSDT,0.0024,3139.58
2025-12-09 15:20:17.306009+00,ETHUSDT,0.0024,3139.58
2025-12-09 15:20:17.305264+00,ETHUSDT,0.0027,3139.58
2025-12-09 15:20:17.304191+00,ETHUSDT,0.0016,3139.58
2025-12-09 15:20:17.303681+00,ETHUSDT,0.0032,3139.58
2025-12-09 15:20:17.30307+00,ETHUSDT,0.0032,3139.58
2025-12-09 15:20:17.301803+00,ETHUSDT,0.0027,3139.58
2025-12-09 15:20:17.300589+00,ETHUSDT,0.0027,3139.58
2025-12-09 15:20:17.299384+00,ETHUSDT,0.0032,3139.58
2025-12-09 15:20:17.297783+00,ETHUSDT,0.0027,3139.58
2025-12-09 15:20:17.296116+00,ETHUSDT,0.0027,3139.58
2025-12-09 15:20:17.291711+00,ETHUSDT,0.0027,3139.58
2025-12-09 15:20:17.290952+00,ETHUSDT,0.0027,3139.58
2025-12-09 15:20:17.290507+00,ETHUSDT,0.0017,3139.58
2025-12-09 15:20:17.28957+00,ETHUSDT,0.0027,3139.58
2025-12-09 15:20:17.053506+00,BTCUSDT,0.11005,90896.38
2025-12-09 15:20:17.035785+00,ETHUSDT,0.1792,3139.59
2025-12-09 15:20:16.996634+00,BTCUSDT,0.00055,90896.39
2025-12-09 15:20:16.994485+00,ETHUSDT,0.0415,3139.59
2025-12-09 15:20:16.993816+00,ETHUSDT,0.0024,3139.59
2025-12-09 15:20:16.992374+00,ETHUSDT,0.721,3139.59
2025-12-09 15:20:16.991902+00,ETHUSDT,0.0024,3139.59
2025-12-09 15:20:16.990368+00,ETHUSDT,1.56,3139.59
2025-12-09 15:20:16.989944+00,ETHUSDT,0.0024,3139.59
2025-12-09 15:20:16.989698+00,ETHUSDT,0.0024,3139.59
2025-12-09 15:20:16.989446+00,ETHUSDT,0.0024,3139.59
2025-12-09 15:20:16.989148+00,ETHUSDT,0.0024,3139.59
2025-12-09 15:20:16.988825+00,ETHUSDT,0.0032,3139.59
2025-12-09 15:20:16.988454+00,ETHUSDT,1.8648,3139.59
2025-12-09 15:20:16.988039+00,ETHUSDT,1.8648,3139.59
2025-12-09 15:20:16.987743+00,ETHUSDT,1.2,3139.59
2025-12-09 15:20:16.987306+00,ETHUSDT,2.7779,3139.59
2025-12-09 15:20:16.9865+00,BTCUSDT,0.00461,90896.38
2025-12-09 15:20:16.985204+00,BTCUSDT,0.1377,90896.38
2025-12-09 15:20:16.983667+00,BTCUSDT,6e-05,90896.39
2025-12-09 15:20:16.982858+00,BTCUSDT,6e-05,90896.39
2025-12-09 15:20:16.982401+00,BTCUSDT,6e-05,90896.39
2025-12-09 15:20:16.981885+00,BTCUSDT,6e-05,90898
2025-12-09 15:20:16.980886+00,BTCUSDT,6e-05,90898
2025-12-09 15:20:16.979627+00,BTCUSDT,8e-05,90898
2025-12-09 15:20:16.97851+00,BTCUSDT,8e-05,90898
2025-12-09 15:20:16.977692+00,BTCUSDT,8e-05,90898
2025-12-09 15:20:16.976852+00,BTCUSDT,0.0134,90898
2025-12-09 15:20:16.975992+00,BTCUSDT,6e-05,90898.01
2025-12-09 15:20:16.975666+00,BTCUSDT,6e-05,90898.01
2025-12-09 15:20:16.975314+00,BTCUSDT,6e-05,90898.01
2025-12-09 15:20:16.974518+00,BTCUSDT,6e-05,90898.08
2025-12-09 15:20:16.974187+00,BTCUSDT,6e-05,90898.08
2025-12-09 15:20:16.973799+00,BTCUSDT,6e-05,90898.08
2025-12-09 15:20:16.973476+00,BTCUSDT,6e-05,90899.11
2025-12-09 15:20:16.973169+00,BTCUSDT,6e-05,90899.17
2025-12-09 15:20:16.97292+00,BTCUSDT,6e-05,90899.99
2025-12-09 15:20:16.972653+00,BTCUSDT,8e-05,90899.99
2025-12-09 15:20:16.972356+00,BTCUSDT,6e-05,90899.99
2025-12-09 15:20:16.972098+00,BTCUSDT,8e-05,90899.99
2025-12-09 15:20:16.971823+00,BTCUSDT,8e-05,90899.99
2025-12-09 15:20:16.971502+00,BTCUSDT,6e-05,90899.99
2025-12-09 15:20:16.970254+00,BTCUSDT,0.005,90899.99
2025-12-09 15:20:16.969174+00,BTCUSDT,6e-05,90899.99
2025-12-09 15:20:16.968551+00,BTCUSDT,6e-05,90899.99
2025-12-09 15:20:16.96702+00,BTCUSDT,6e-05,90899.99
2025-12-09 15:20:16.965516+00,BTCUSDT,6e-05,90900
2025-12-09 15:20:16.964956+00,BTCUSDT,6e-05,90900
2025-12-09 15:20:16.963942+00,BTCUSDT,6e-05,90900
2025-12-09 15:20:16.961863+00,BTCUSDT,7e-05,90900
2025-12-09 15:20:16.960936+00,BTCUSDT,6e-05,90900
2025-12-09 15:20:16.960304+00,BTCUSDT,6e-05,90900
2025-12-09 15:20:16.959717+00,BTCUSDT,6e-05,90900
2025-12-09 15:20:16.95865+00,BTCUSDT,6e-05,90900
2025-12-09 15:20:16.957784+00,BTCUSDT,8e-05,90900
2025-12-09 15:20:16.95682+00,BTCUSDT,6e-05,90900
2025-12-09 15:20:16.95285+00,BTCUSDT,8e-05,90900
2025-12-09 15:20:16.947387+00,BTCUSDT,0.18562,90900
2025-12-09 15:20:16.946235+00,BTCUSDT,0.17536,90900
2025-12-09 15:20:16.945358+00,BTCUSDT,0.00082,90900
2025-12-09 15:20:16.944646+00,BTCUSDT,0.001,90900
2025-12-09 15:20:16.941562+00,BTCUSDT,6e-05,90900
2025-12-09 15:20:16.94103+00,BTCUSDT,8e-05,90900
2025-12-09 15:20:16.940637+00,BTCUSDT,8e-05,90900
2025-12-09 15:20:16.939735+00,BTCUSDT,8e-05,90900
2025-12-09 15:20:16.939185+00,BTCUSDT,6e-05,90900
2025-12-09 15:20:16.938628+00,BTCUSDT,6e-05,90900
2025-12-09 15:20:16.937796+00,BTCUSDT,0.00012,90900
2025-12-09 15:20:16.936708+00,BTCUSDT,0.002,90900
2025-12-09 15:20:16.935169+00,BTCUSDT,0.00012,90900
2025-12-09 15:20:16.932389+00,BTCUSDT,6e-05,90900
2025-12-09 15:20:16.930883+00,BTCUSDT,6e-05,90900
2025-12-09 15:20:16.929581+00,BTCUSDT,0.002,90900
2025-12-09 15:20:16.848312+00,BTCUSDT,6e-05,90900
2025-12-09 15:20:16.846243+00,BTCUSDT,8e-05,90900
2025-12-09 15:20:16.844751+00,BTCUSDT,0.00012,90900
2025-12-09 15:20:16.844281+00,BTCUSDT,8e-05,90900
2025-12-09 15:20:16.84383+00,BTCUSDT,8e-05,90900
2025-12-09 15:20:16.84342+00,BTCUSDT,8e-05,90900
2025-12-09 15:20:16.842984+00,BTCUSDT,8e-05,90900
2025-12-09 15:20:16.842598+00,BTCUSDT,8e-05,90900
2025-12-09 15:20:16.842211+00,BTCUSDT,8e-05,90900
2025-12-09 15:20:16.841699+00,BTCUSDT,6e-05,90900
2025-12-09 15:20:16.841275+00,BTCUSDT,6e-05,90900
2025-12-09 15:20:16.840888+00,BTCUSDT,6e-05,90900
2025-12-09 15:20:16.840432+00,BTCUSDT,8e-05,90900
2025-12-09 15:20:16.839679+00,BTCUSDT,0.07399,90900
2025-12-09 15:20:16.8289+00,BTCUSDT,0.0001,90900.01
2025-12-09 15:20:16.827863+00,BTCUSDT,0.00046,90900
2025-12-09 15:20:16.771128+00,BTCUSDT,0.00023,90900.01
2025-12-09 15:20:16.769824+00,BTCUSDT,0.00155,90900
2025-12-09 15:20:16.762678+00,BTCUSDT,0.00018,90900.01
2025-12-09 15:20:16.761623+00,ETHUSDT,0.8213,3139.58
2025-12-09 15:20:16.75986+00,ETHUSDT,2.2954,3139.58
2025-12-09 15:20:16.753231+00,ETHUSDT,0.0027,3139.58
2025-12-09 15:20:16.747914+00,ETHUSDT,0.0027,3139.58
2025-12-09 15:20:16.745149+00,ETHUSDT,0.0027,3139.58
2025-12-09 15:20:16.742857+00,ETHUSDT,0.0027,3139.58
2025-12-09 15:20:16.741859+00,ETHUSDT,0.0027,3139.58
2025-12-09 15:20:16.739078+00,ETHUSDT,0.0027,3139.58
2025-12-09 15:20:16.737834+00,ETHUSDT,0.0027,3139.58
2025-12-09 15:20:16.737094+00,ETHUSDT,0.0027,3139.58
2025-12-09 15:20:16.731117+00,ETHUSDT,0.0027,3139.58
2025-12-09 15:20:16.715991+00,ETHUSDT,0.0024,3139.58
2025-12-09 15:20:16.710707+00,ETHUSDT,0.0024,3139.58
2025-12-09 15:20:16.703273+00,ETHUSDT,0.0017,3139.58
2025-12-09 15:20:16.6941+00,ETHUSDT,0.0024,3139.58
2025-12-09 15:20:16.658266+00,ETHUSDT,0.0024,3139.58
2025-12-09 15:20:16.600948+00,ETHUSDT,0.0024,3139.58
2025-12-09 15:20:16.597263+00,ETHUSDT,0.0024,3139.58
2025-12-09 15:20:16.594016+00,ETHUSDT,0.0032,3139.58
2025-12-09 15:20:16.592463+00,ETHUSDT,0.0137,3139.58
2025-12-09 15:20:16.590191+00,ETHUSDT,0.0027,3139.58
2025-12-09 15:20:16.588036+00,ETHUSDT,0.0024,3139.58
2025-12-09 15:20:16.583496+00,ETHUSDT,0.0024,3139.58
2025-12-09 15:20:16.578893+00,ETHUSDT,0.0024,3139.58
2025-12-09 15:20:16.529165+00,ETHUSDT,0.0024,3139.58
2025-12-09 15:20:16.106724+00,BTCUSDT,0.00554,90900
2025-12-09 15:20:16.106479+00,BTCUSDT,0.00339,90900
2025-12-09 15:20:16.106199+00,BTCUSDT,6e-05,90900.01
2025-12-09 15:20:16.105946+00,BTCUSDT,6e-05,90900.01
2025-12-09 15:20:16.105695+00,BTCUSDT,6e-05,90900.01
2025-12-09 15:20:16.105444+00,BTCUSDT,6e-05,90900.79
2025-12-09 15:20:16.105163+00,BTCUSDT,6e-05,90900.79
2025-12-09 15:20:16.104902+00,BTCUSDT,6e-05,90900.79
2025-12-09 15:20:16.104414+00,BTCUSDT,7e-05,90901.53
2025-12-09 15:20:16.104049+00,BTCUSDT,6e-05,90902.69
2025-12-09 15:20:16.10376+00,BTCUSDT,8e-05,90903.57
2025-12-09 15:20:16.103446+00,BTCUSDT,8e-05,90903.57
2025-12-09 15:20:16.103118+00,BTCUSDT,8e-05,90903.57
2025-12-09 15:20:16.102569+00,BTCUSDT,0.00044,90903.57
2025-12-09 15:20:16.100724+00,BTCUSDT,6e-05,90903.59
2025-12-09 15:20:16.098569+00,BTCUSDT,6e-05,90903.59
2025-12-09 15:20:16.096512+00,BTCUSDT,6e-05,90903.59
2025-12-09 15:20:16.095423+00,BTCUSDT,6e-05,90903.59
2025-12-09 15:20:16.094837+00,BTCUSDT,8e-05,90903.59
2025-12-09 15:20:16.094341+00,BTCUSDT,8e-05,90903.59
2025-12-09 15:20:16.093975+00,BTCUSDT,8e-05,90903.59
2025-12-09 15:20:16.093291+00,BTCUSDT,6e-05,90903.59
2025-12-09 15:20:16.091816+00,BTCUSDT,6e-05,90903.59
2025-12-09 15:20:16.088774+00,BTCUSDT,6e-05,90903.59
2025-12-09 15:20:16.08616+00,BTCUSDT,6e-05,90903.6
2025-12-09 15:20:16.083643+00,BTCUSDT,6e-05,90903.6
2025-12-09 15:20:16.073562+00,BTCUSDT,0.00071,90903.6
2025-12-09 15:20:16.071744+00,BTCUSDT,0.00029,90903.6
2025-12-09 15:20:16.070651+00,BTCUSDT,6e-05,90903.6
2025-12-09 15:20:16.070254+00,BTCUSDT,6e-05,90903.6
2025-12-09 15:20:16.06983+00,BTCUSDT,8e-05,90903.6
2025-12-09 15:20:16.069125+00,BTCUSDT,8e-05,90903.6
2025-12-09 15:20:16.068481+00,BTCUSDT,8e-05,90903.6
2025-12-09 15:20:16.067402+00,BTCUSDT,0.002,90903.6
2025-12-09 15:20:16.06651+00,BTCUSDT,0.00012,90903.6
2025-12-09 15:20:16.065801+00,BTCUSDT,8e-05,90903.6
2025-12-09 15:20:16.064735+00,BTCUSDT,6e-05,90903.6
2025-12-09 15:20:16.06287+00,BTCUSDT,6e-05,90903.6
2025-12-09 15:20:16.0614+00,BTCUSDT,0.002,90903.6
2025-12-09 15:20:16.056137+00,BTCUSDT,8e-05,90903.6
2025-12-09 15:20:16.055824+00,BTCUSDT,8e-05,90903.6
2025-12-09 15:20:16.055465+00,BTCUSDT,6e-05,90903.6
2025-12-09 15:20:16.055124+00,BTCUSDT,6e-05,90903.6
2025-12-09 15:20:16.054818+00,BTCUSDT,6e-05,90903.6
2025-12-09 15:20:16.054512+00,BTCUSDT,8e-05,90903.6
2025-12-09 15:20:16.054188+00,BTCUSDT,6e-05,90903.6
2025-12-09 15:20:16.05386+00,BTCUSDT,2e-05,90903.6
2025-12-09 15:20:16.053513+00,BTCUSDT,8e-05,90903.6
2025-12-09 15:20:16.053143+00,BTCUSDT,8e-05,90903.6
2025-12-09 15:20:16.052761+00,BTCUSDT,8e-05,90903.6
2025-12-09 15:20:16.052383+00,BTCUSDT,6e-05,90903.6
2025-12-09 15:20:16.051973+00,BTCUSDT,6e-05,90903.6
2025-12-09 15:20:16.05146+00,BTCUSDT,6e-05,90903.6
2025-12-09 15:20:16.050472+00,BTCUSDT,6e-05,90903.6
2025-12-09 15:20:16.049856+00,BTCUSDT,6e-05,90903.6
2025-12-09 15:20:16.049181+00,BTCUSDT,0.18177,90903.6
2025-12-09 15:20:16.048003+00,BTCUSDT,0.001,90903.6
2025-12-09 15:20:16.046375+00,BTCUSDT,6e-05,90903.6
2025-12-09 15:20:16.045567+00,BTCUSDT,6e-05,90903.6
2025-12-09 15:20:16.04359+00,BTCUSDT,6e-05,90903.6
2025-12-09 15:20:16.041477+00,BTCUSDT,6e-05,90903.6
2025-12-09 15:20:16.040454+00,BTCUSDT,6e-05,90903.6
2025-12-09 15:20:16.03847+00,BTCUSDT,6e-05,90903.6
2025-12-09 15:20:16.037003+00,BTCUSDT,6e-05,90903.6
2025-12-09 15:20:16.036712+00,BTCUSDT,8e-05,90903.6
2025-12-09 15:20:16.036301+00,BTCUSDT,0.00012,90903.6
2025-12-09 15:20:16.03598+00,BTCUSDT,0.00012,90903.6
2025-12-09 15:20:16.035612+00,BTCUSDT,0.00012,90903.6
2025-12-09 15:20:16.035105+00,BTCUSDT,0.00012,90903.6
2025-12-09 15:20:16.033777+00,BTCUSDT,0.002,90903.6
2025-12-09 15:20:16.033144+00,BTCUSDT,0.00012,90903.6
2025-12-09 15:20:16.032543+00,BTCUSDT,6e-05,90903.6
2025-12-09 15:20:16.031362+00,BTCUSDT,6e-05,90903.6
2025-12-09 15:20:16.029368+00,BTCUSDT,0.00012,90903.6
2025-12-09 15:20:16.027535+00,BTCUSDT,6e-05,90903.6
2025-12-09 15:20:16.026064+00,BTCUSDT,8e-05,90903.6
2025-12-09 15:20:16.024676+00,BTCUSDT,6e-05,90903.6
2025-12-09 15:20:16.023901+00,BTCUSDT,6e-05,90903.6
2025-12-09 15:20:16.022697+00,BTCUSDT,8e-05,90903.6
2025-12-09 15:20:16.021448+00,BTCUSDT,8e-05,90903.6
2025-12-09 15:20:16.020004+00,BTCUSDT,8e-05,90903.6
2025-12-09 15:20:16.01963+00,BTCUSDT,8e-05,90903.6
2025-12-09 15:20:16.019284+00,BTCUSDT,8e-05,90903.6
2025-12-09 15:20:16.018852+00,BTCUSDT,8e-05,90903.6
2025-12-09 15:20:16.018225+00,BTCUSDT,6e-05,90903.6
2025-12-09 15:20:16.016515+00,BTCUSDT,8e-05,90903.6
2025-12-09 15:20:16.015082+00,BTCUSDT,6e-05,90903.6
2025-12-09 15:20:16.012265+00,BTCUSDT,6e-05,90903.6
2025-12-09 15:20:15.999441+00,BTCUSDT,0.00043,90903.6
2025-12-09 15:20:15.455102+00,ETHUSDT,0.015,3139.59
2025-12-09 15:20:15.439714+00,ETHUSDT,0.0602,3139.59
2025-12-09 15:20:15.258405+00,ETHUSDT,1.1392,3139.58
2025-12-09 15:20:15.25797+00,ETHUSDT,0.0024,3139.58
2025-12-09 15:20:15.257663+00,ETHUSDT,0.0024,3139.58
2025-12-09 15:20:15.257378+00,ETHUSDT,1.3384,3139.58
2025-12-09 15:20:15.256966+00,ETHUSDT,0.0032,3139.58
2025-12-09 15:20:15.256493+00,ETHUSDT,0.0017,3139.58
2025-12-09 15:20:15.255389+00,BTCUSDT,0.00157,90903.6
2025-12-09 15:20:15.254994+00,BTCUSDT,0.002,90903.6
2025-12-09 15:20:15.254653+00,BTCUSDT,0.00012,90903.6
2025-12-09 15:20:15.254267+00,BTCUSDT,6e-05,90903.6
2025-12-09 15:20:15.25389+00,BTCUSDT,8e-05,90903.6
2025-12-09 15:20:15.25359+00,BTCUSDT,8e-05,90903.6
2025-12-09 15:20:15.253197+00,BTCUSDT,6e-05,90903.6
2025-12-09 15:20:15.252341+00,BTCUSDT,8e-05,90903.6
2025-12-09 15:20:15.250838+00,BTCUSDT,6e-05,90903.6
2025-12-09 15:20:15.250165+00,BTCUSDT,6e-05,90903.6
2025-12-09 15:20:15.248899+00,BTCUSDT,6e-05,90903.6
2025-12-09 15:20:15.246054+00,BTCUSDT,6e-05,90903.6
2025-12-09 15:20:15.242236+00,BTCUSDT,8e-05,90903.6
2025-12-09 15:20:15.241062+00,BTCUSDT,6e-05,90903.6
2025-12-09 15:20:15.240355+00,BTCUSDT,8e-05,90903.6
2025-12-09 15:20:15.239547+00,BTCUSDT,0.00012,90903.6
2025-12-09 15:20:15.238253+00,BTCUSDT,8e-05,90903.6
2025-12-09 15:20:15.237405+00,BTCUSDT,8e-05,90903.6
2025-12-09 15:20:15.236544+00,BTCUSDT,8e-05,90903.6
2025-12-09 15:20:15.23491+00,BTCUSDT,8e-05,90903.6
2025-12-09 15:20:15.233098+00,BTCUSDT,8e-05,90903.6
2025-12-09 15:20:15.22899+00,BTCUSDT,8e-05,90903.6
2025-12-09 15:20:15.226143+00,BTCUSDT,6e-05,90903.6
2025-12-09 15:20:15.225578+00,BTCUSDT,6e-05,90903.6
2025-12-09 15:20:15.225303+00,BTCUSDT,6e-05,90903.6
2025-12-09 15:20:15.224992+00,BTCUSDT,6e-05,90903.6
2025-12-09 15:20:15.224726+00,BTCUSDT,6e-05,90903.6
2025-12-09 15:20:15.224416+00,BTCUSDT,6e-05,90903.6
2025-12-09 15:20:15.224059+00,ETHUSDT,0.0017,3139.59
2025-12-09 15:20:15.223623+00,ETHUSDT,0.0017,3139.59
2025-12-09 15:20:15.223191+00,ETHUSDT,0.0017,3139.59
2025-12-09 15:20:15.221562+00,ETHUSDT,0.0017,3139.61
2025-12-09 15:20:15.219846+00,ETHUSDT,0.0017,3139.61
2025-12-09 15:20:15.217735+00,ETHUSDT,0.0027,3139.62
2025-12-09 15:20:15.213232+00,ETHUSDT,0.0017,3139.62
2025-12-09 15:20:15.210787+00,ETHUSDT,0.077,3139.62
2025-12-09 15:20:15.20923+00,ETHUSDT,0.0017,3139.63
2025-12-09 15:20:15.20643+00,ETHUSDT,0.0017,3139.63
2025-12-09 15:20:15.200389+00,ETHUSDT,0.0017,3139.63
2025-12-09 15:20:15.196978+00,ETHUSDT,0.0017,3139.63
2025-12-09 15:20:15.191719+00,ETHUSDT,0.0016,3139.64
2025-12-09 15:20:15.188422+00,ETHUSDT,0.0016,3139.64
2025-12-09 15:20:15.186958+00,ETHUSDT,0.0016,3139.64
2025-12-09 15:20:15.182573+00,ETHUSDT,0.0027,3139.64
2025-12-09 15:20:15.181476+00,ETHUSDT,0.0017,3139.64
2025-12-09 15:20:15.180043+00,ETHUSDT,0.0016,3139.64
2025-12-09 15:20:15.177991+00,ETHUSDT,0.2547,3139.64
2025-12-09 15:20:15.173362+00,ETHUSDT,0.026,3139.64
2025-12-09 15:20:15.172525+00,ETHUSDT,0.0016,3139.64
2025-12-09 15:20:15.172098+00,ETHUSDT,0.0016,3139.65
2025-12-09 15:20:15.171615+00,ETHUSDT,0.0017,3139.65
2025-12-09 15:20:15.170663+00,ETHUSDT,0.0027,3139.65
2025-12-09 15:20:15.169658+00,ETHUSDT,0.0027,3139.65
2025-12-09 15:20:15.168082+00,ETHUSDT,0.0027,3139.65
2025-12-09 15:20:15.165694+00,ETHUSDT,0.0024,3139.65
2025-12-09 15:20:15.15892+00,ETHUSDT,0.0027,3139.65
2025-12-09 15:20:15.15766+00,ETHUSDT,0.0027,3139.65
2025-12-09 15:20:15.156997+00,ETHUSDT,0.0016,3139.65
2025-12-09 15:20:15.155751+00,ETHUSDT,0.0017,3139.65
2025-12-09 15:20:15.153635+00,ETHUSDT,0.0017,3139.65
2025-12-09 15:20:15.150866+00,ETHUSDT,0.0027,3139.65
2025-12-09 15:20:15.148328+00,ETHUSDT,0.0027,3139.65
2025-12-09 15:20:15.145592+00,ETHUSDT,0.0024,3139.65
2025-12-09 15:20:15.144094+00,ETHUSDT,0.0024,3139.65
2025-12-09 15:20:15.143584+00,ETHUSDT,0.0024,3139.65
2025-12-09 15:20:15.142599+00,ETHUSDT,0.0027,3139.65
2025-12-09 15:20:15.141842+00,ETHUSDT,0.0032,3139.65
2025-12-09 15:20:15.141298+00,ETHUSDT,0.0024,3139.65
2025-12-09 15:20:15.140672+00,ETHUSDT,0.0027,3139.65
2025-12-09 15:20:15.139938+00,ETHUSDT,0.0017,3139.65
2025-12-09 15:20:15.13895+00,ETHUSDT,0.0027,3139.65
2025-12-09 15:20:15.137203+00,ETHUSDT,0.0024,3139.65
2025-12-09 15:20:15.133106+00,ETHUSDT,0.0024,3139.65
2025-12-09 15:20:15.129886+00,ETHUSDT,0.0027,3139.65
2025-12-09 15:20:15.128205+00,ETHUSDT,0.0027,3139.65
2025-12-09 15:20:15.127018+00,ETHUSDT,0.0027,3139.65
2025-12-09 15:20:15.125701+00,ETHUSDT,0.0024,3139.65
2025-12-09 15:20:15.123997+00,ETHUSDT,0.0024,3139.65
2025-12-09 15:20:15.115753+00,ETHUSDT,0.0027,3139.65
2025-12-09 15:20:15.111084+00,ETHUSDT,0.0027,3139.65
2025-12-09 15:20:15.1083+00,ETHUSDT,0.0024,3139.65
2025-12-09 15:20:15.100452+00,ETHUSDT,0.0017,3139.65
2025-12-09 15:20:15.096951+00,ETHUSDT,0.0017,3139.65
2025-12-09 15:20:15.093979+00,ETHUSDT,0.0032,3139.65
2025-12-09 15:20:15.089524+00,ETHUSDT,0.0032,3139.65
2025-12-09 15:20:15.086985+00,ETHUSDT,0.0032,3139.65
2025-12-09 15:20:15.085557+00,ETHUSDT,0.0032,3139.65
2025-12-09 15:20:15.082822+00,ETHUSDT,0.5172,3139.66
2025-12-09 15:20:15.081153+00,ETHUSDT,0.0024,3139.66
2025-12-09 15:20:15.0806+00,ETHUSDT,0.0024,3139.66
2025-12-09 15:20:15.08026+00,ETHUSDT,0.0024,3139.66
2025-12-09 15:20:15.079834+00,ETHUSDT,0.0024,3139.66
2025-12-09 15:20:15.079443+00,ETHUSDT,0.0024,3139.66
2025-12-09 15:20:15.078811+00,ETHUSDT,0.0024,3139.66
2025-12-09 15:20:15.077984+00,ETHUSDT,0.0024,3139.66
2025-12-09 15:20:15.077158+00,ETHUSDT,0.0024,3139.66
2025-12-09 15:20:15.073725+00,ETHUSDT,0.0024,3139.66
2025-12-09 15:20:15.06353+00,ETHUSDT,0.0024,3139.66
2025-12-09 15:20:15.062011+00,ETHUSDT,0.0032,3139.66
2025-12-09 15:20:15.061269+00,ETHUSDT,0.0032,3139.66
2025-12-09 15:20:15.060913+00,ETHUSDT,0.0491,3139.66
2025-12-09 15:20:15.0606+00,ETHUSDT,0.0032,3139.66
2025-12-09 15:20:15.059995+00,ETHUSDT,0.3453,3139.66
2025-12-09 15:20:15.05952+00,ETHUSDT,0.0032,3139.66
2025-12-09 15:20:15.059009+00,ETHUSDT,0.0024,3139.66
2025-12-09 15:20:15.058508+00,ETHUSDT,0.0024,3139.66
2025-12-09 15:20:15.057659+00,ETHUSDT,0.7213,3139.66
2025-12-09 15:20:15.057284+00,ETHUSDT,0.0024,3139.66
2025-12-09 15:20:15.056936+00,ETHUSDT,0.0024,3139.66
2025-12-09 15:20:15.056496+00,ETHUSDT,0.323,3139.66
2025-12-09 15:20:15.055831+00,ETHUSDT,0.1001,3139.66
2025-12-09 15:20:15.055522+00,ETHUSDT,0.018,3139.66
2025-12-09 15:20:15.055174+00,ETHUSDT,0.2304,3139.66
2025-12-09 15:20:15.054737+00,ETHUSDT,0.0032,3139.66
2025-12-09 15:20:15.053727+00,ETHUSDT,0.0024,3139.66
2025-12-09 15:20:15.049706+00,ETHUSDT,0.0024,3139.66
2025-12-09 15:20:15.043077+00,BTCUSDT,6e-05,90904.84
2025-12-09 15:20:15.040551+00,BTCUSDT,6e-05,90904.84
2025-12-09 15:20:15.039439+00,BTCUSDT,6e-05,90904.84
2025-12-09 15:20:15.038672+00,BTCUSDT,8e-05,90904.84
2025-12-09 15:20:15.036634+00,BTCUSDT,6e-05,90904.84
2025-12-09 15:20:15.033428+00,BTCUSDT,8e-05,90904.84
2025-12-09 15:20:15.03157+00,BTCUSDT,8e-05,90904.84
2025-12-09 15:20:15.030124+00,BTCUSDT,6e-05,90904.84
2025-12-09 15:20:15.02894+00,BTCUSDT,6e-05,90904.84
2025-12-09 15:20:15.02786+00,BTCUSDT,6e-05,90904.84
2025-12-09 15:20:15.027385+00,BTCUSDT,6e-05,90904.84
2025-12-09 15:20:15.026513+00,BTCUSDT,6e-05,90904.84
2025-12-09 15:20:15.025581+00,BTCUSDT,6e-05,90904.84
2025-12-09 15:20:15.024938+00,BTCUSDT,6e-05,90904.84
2025-12-09 15:20:15.024379+00,BTCUSDT,6e-05,90904.84
2025-12-09 15:20:15.023888+00,BTCUSDT,6e-05,90904.84
2025-12-09 15:20:15.023247+00,BTCUSDT,6e-05,90904.84
2025-12-09 15:20:15.02234+00,BTCUSDT,6e-05,90904.84
2025-12-09 15:20:15.021589+00,BTCUSDT,6e-05,90904.85
2025-12-09 15:20:15.02106+00,BTCUSDT,6e-05,90904.85
2025-12-09 15:20:15.01997+00,BTCUSDT,6e-05,90904.85
2025-12-09 15:20:15.016644+00,BTCUSDT,6e-05,90904.85
2025-12-09 15:20:15.015473+00,BTCUSDT,6e-05,90904.85
2025-12-09 15:20:15.014063+00,BTCUSDT,6e-05,90904.85
2025-12-09 15:20:15.012638+00,BTCUSDT,6e-05,90904.85
2025-12-09 15:20:15.01149+00,BTCUSDT,6e-05,90904.85
2025-12-09 15:20:15.010693+00,BTCUSDT,6e-05,90904.85
2025-12-09 15:20:15.009805+00,BTCUSDT,6e-05,90904.85
2025-12-09 15:20:15.008248+00,BTCUSDT,8e-05,90904.85
2025-12-09 15:20:15.007326+00,BTCUSDT,8e-05,90904.85
2025-12-09 15:20:15.006448+00,BTCUSDT,6e-05,90904.85
2025-12-09 15:20:15.005883+00,BTCUSDT,6e-05,90904.85
2025-12-09 15:20:15.005092+00,BTCUSDT,8e-05,90904.85
2025-12-09 15:20:15.0044+00,BTCUSDT,6e-05,90904.85
2025-12-09 15:20:15.003709+00,BTCUSDT,6e-05,90904.85
2025-12-09 15:20:15.002078+00,BTCUSDT,6e-05,90904.85
2025-12-09 15:20:14.997756+00,BTCUSDT,6e-05,90904.85
2025-12-09 15:20:14.996228+00,BTCUSDT,6e-05,90904.85
2025-12-09 15:20:14.995743+00,BTCUSDT,6e-05,90904.85
2025-12-09 15:20:14.995199+00,BTCUSDT,0.00012,90904.85
2025-12-09 15:20:14.994737+00,BTCUSDT,8e-05,90904.85
2025-12-09 15:20:14.994363+00,BTCUSDT,8e-05,90904.85
2025-12-09 15:20:14.994067+00,BTCUSDT,8e-05,90904.85
2025-12-09 15:20:14.993694+00,BTCUSDT,8e-05,90904.85
2025-12-09 15:20:14.993348+00,BTCUSDT,8e-05,90904.85
2025-12-09 15:20:14.99297+00,BTCUSDT,8e-05,90904.85
2025-12-09 15:20:14.992576+00,BTCUSDT,8e-05,90904.85
2025-12-09 15:20:14.99214+00,BTCUSDT,6e-05,90904.85
2025-12-09 15:20:14.991791+00,BTCUSDT,6e-05,90904.85
2025-12-09 15:20:14.991341+00,BTCUSDT,6e-05,90904.85
2025-12-09 15:20:14.990856+00,BTCUSDT,6e-05,90904.85
2025-12-09 15:20:14.9897+00,BTCUSDT,6e-05,90904.85
2025-12-09 15:20:14.987326+00,BTCUSDT,6e-05,90904.85
2025-12-09 15:20:14.984932+00,BTCUSDT,6e-05,90904.85
2025-12-09 15:20:14.983445+00,BTCUSDT,6e-05,90904.85
2025-12-09 15:20:14.98167+00,BTCUSDT,6e-05,90904.85
2025-12-09 15:20:14.97844+00,BTCUSDT,6e-05,90904.85
2025-12-09 15:20:14.975995+00,BTCUSDT,6e-05,90904.85
2025-12-09 15:20:14.974229+00,BTCUSDT,6e-05,90904.85
2025-12-09 15:20:14.972657+00,BTCUSDT,6e-05,90907.18
2025-12-09 15:20:14.971045+00,BTCUSDT,6e-05,90907.18
2025-12-09 15:20:14.968813+00,BTCUSDT,6e-05,90907.18
2025-12-09 15:20:14.967078+00,BTCUSDT,6e-05,90907.18
2025-12-09 15:20:14.965482+00,BTCUSDT,6e-05,90907.18
2025-12-09 15:20:14.96265+00,BTCUSDT,6e-05,90907.18
2025-12-09 15:20:14.9579+00,BTCUSDT,6e-05,90907.18
2025-12-09 15:20:14.953794+00,BTCUSDT,6e-05,90907.18
2025-12-09 15:20:14.952407+00,BTCUSDT,6e-05,90907.18
2025-12-09 15:20:14.950893+00,BTCUSDT,6e-05,90907.18
2025-12-09 15:20:14.949439+00,BTCUSDT,6e-05,90907.18
2025-12-09 15:20:14.937712+00,BTCUSDT,6e-05,90907.18
2025-12-09 15:20:14.934728+00,BTCUSDT,6e-05,90907.19
2025-12-09 15:20:14.932357+00,BTCUSDT,6e-05,90907.19
2025-12-09 15:20:14.929305+00,BTCUSDT,6e-05,90907.19
2025-12-09 15:20:14.926562+00,BTCUSDT,6e-05,90907.19
2025-12-09 15:20:14.92378+00,BTCUSDT,6e-05,90907.19
2025-12-09 15:20:14.921597+00,BTCUSDT,6e-05,90907.19
2025-12-09 15:20:14.91848+00,BTCUSDT,6e-05,90907.19
2025-12-09 15:20:14.915103+00,BTCUSDT,6e-05,90907.19
2025-12-09 15:20:14.912898+00,BTCUSDT,6e-05,90907.19
2025-12-09 15:20:14.91229+00,BTCUSDT,8e-05,90907.19
2025-12-09 15:20:14.910925+00,BTCUSDT,6e-05,90907.19
2025-12-09 15:20:14.910256+00,BTCUSDT,6e-05,90907.19
2025-12-09 15:20:14.909778+00,BTCUSDT,8e-05,90907.19
2025-12-09 15:20:14.909216+00,BTCUSDT,0.00012,90907.19
2025-12-09 15:20:14.90827+00,BTCUSDT,8e-05,90907.19
2025-12-09 15:20:14.907516+00,BTCUSDT,6e-05,90907.19
2025-12-09 15:20:14.907072+00,BTCUSDT,8e-05,90907.19
2025-12-09 15:20:14.90624+00,BTCUSDT,8e-05,90907.19
2025-12-09 15:20:14.904401+00,BTCUSDT,8e-05,90907.19
2025-12-09 15:20:14.903234+00,BTCUSDT,6e-05,90907.65
2025-12-09 15:20:14.901225+00,BTCUSDT,6e-05,90907.65
2025-12-09 15:20:14.900717+00,BTCUSDT,6e-05,90907.65
2025-12-09 15:20:14.900247+00,BTCUSDT,6e-05,90907.65
2025-12-09 15:20:14.899842+00,BTCUSDT,6e-05,90907.65
2025-12-09 15:20:14.899407+00,BTCUSDT,6e-05,90907.65
2025-12-09 15:20:14.89876+00,BTCUSDT,8e-05,90907.65
2025-12-09 15:20:14.897818+00,BTCUSDT,8e-05,90907.65
2025-12-09 15:20:14.896084+00,BTCUSDT,8e-05,90907.65
2025-12-09 15:20:14.894911+00,BTCUSDT,6e-05,90907.66
2025-12-09 15:20:14.893807+00,BTCUSDT,6e-05,90907.66
2025-12-09 15:20:14.892798+00,BTCUSDT,0.002,90907.66
2025-12-09 15:20:14.891937+00,BTCUSDT,0.002,90907.66
2025-12-09 15:20:14.889337+00,BTCUSDT,0.002,90907.66
2025-12-09 15:20:14.887688+00,BTCUSDT,6e-05,90907.66
2025-12-09 15:20:14.885504+00,BTCUSDT,6e-05,90907.66
2025-12-09 15:20:14.879342+00,BTCUSDT,6e-05,90907.66
2025-12-09 15:20:14.877034+00,BTCUSDT,6e-05,90907.66
2025-12-09 15:20:14.875882+00,BTCUSDT,8e-05,90907.66
2025-12-09 15:20:14.874598+00,BTCUSDT,6e-05,90907.66
2025-12-09 15:20:14.87334+00,BTCUSDT,6e-05,90907.66
2025-12-09 15:20:14.869033+00,BTCUSDT,6e-05,90907.66
2025-12-09 15:20:14.867031+00,BTCUSDT,6e-05,90907.66
2025-12-09 15:20:14.866212+00,BTCUSDT,6e-05,90907.66
2025-12-09 15:20:14.865262+00,BTCUSDT,6e-05,90907.66
2025-12-09 15:20:14.8642+00,BTCUSDT,6e-05,90907.66
2025-12-09 15:20:14.863108+00,BTCUSDT,6e-05,90907.66
2025-12-09 15:20:14.862427+00,BTCUSDT,6e-05,90907.66
2025-12-09 15:20:14.861737+00,BTCUSDT,6e-05,90907.66
2025-12-09 15:20:14.860962+00,BTCUSDT,6e-05,90907.66
2025-12-09 15:20:14.859804+00,BTCUSDT,6e-05,90907.66
2025-12-09 15:20:14.858729+00,BTCUSDT,6e-05,90907.66
2025-12-09 15:20:14.85524+00,BTCUSDT,6e-05,90907.66
2025-12-09 15:20:14.853421+00,BTCUSDT,6e-05,90907.66
2025-12-09 15:20:14.851519+00,BTCUSDT,8e-05,90907.66
2025-12-09 15:20:14.850631+00,BTCUSDT,8e-05,90907.66
2025-12-09 15:20:14.849631+00,BTCUSDT,8e-05,90907.66
2025-12-09 15:20:14.848601+00,BTCUSDT,6e-05,90907.66
2025-12-09 15:20:14.847829+00,BTCUSDT,0.00012,90907.66
2025-12-09 15:20:14.847052+00,BTCUSDT,0.00012,90907.66
2025-12-09 15:20:14.846258+00,BTCUSDT,8e-05,90907.66
2025-12-09 15:20:14.845034+00,BTCUSDT,8e-05,90907.66
2025-12-09 15:20:14.844406+00,BTCUSDT,8e-05,90907.66
2025-12-09 15:20:14.843505+00,BTCUSDT,0.00012,90907.66
2025-12-09 15:20:14.84302+00,BTCUSDT,8e-05,90907.66
2025-12-09 15:20:14.842623+00,BTCUSDT,8e-05,90907.66
2025-12-09 15:20:14.841626+00,BTCUSDT,6e-05,90907.66
2025-12-09 15:20:14.841102+00,BTCUSDT,8e-05,90907.66
2025-12-09 15:20:14.840491+00,BTCUSDT,0.00012,90907.66
2025-12-09 15:20:14.839012+00,BTCUSDT,6e-05,90907.66
2025-12-09 15:20:14.836496+00,BTCUSDT,6e-05,90907.66
2025-12-09 15:20:14.834083+00,BTCUSDT,8e-05,90907.66
2025-12-09 15:20:14.832632+00,BTCUSDT,8e-05,90907.66
2025-12-09 15:20:14.831624+00,BTCUSDT,8e-05,90907.66
2025-12-09 15:20:14.83056+00,BTCUSDT,8e-05,90907.66
2025-12-09 15:20:14.829266+00,BTCUSDT,8e-05,90907.66
2025-12-09 15:20:14.828149+00,BTCUSDT,0.005,90907.66
2025-12-09 15:20:14.825603+00,BTCUSDT,6e-05,90907.66
2025-12-09 15:20:14.822376+00,BTCUSDT,6e-05,90907.66
2025-12-09 15:20:14.82037+00,BTCUSDT,8e-05,90907.66
2025-12-09 15:20:14.817437+00,BTCUSDT,8e-05,90907.66
2025-12-09 15:20:14.806445+00,BTCUSDT,8e-05,90907.66
2025-12-09 15:20:14.802461+00,BTCUSDT,0.002,90907.67
2025-12-09 15:20:14.800605+00,BTCUSDT,0.002,90907.67
2025-12-09 15:20:14.781991+00,ETHUSDT,0.6211,3139.65
2025-12-09 15:20:14.780647+00,ETHUSDT,0.0032,3139.65
2025-12-09 15:20:14.777679+00,ETHUSDT,0.4382,3139.65
2025-12-09 15:20:14.775988+00,ETHUSDT,2.1235,3139.65
2025-12-09 15:20:14.774301+00,ETHUSDT,0.0119,3139.65
2025-12-09 15:20:14.753045+00,ETHUSDT,0.0024,3139.65
2025-12-09 15:20:14.748619+00,ETHUSDT,0.0027,3139.65
2025-12-09 15:20:14.746469+00,ETHUSDT,0.0289,3139.65
2025-12-09 15:20:14.740321+00,ETHUSDT,0.0032,3139.65
2025-12-09 15:20:14.738799+00,ETHUSDT,0.0024,3139.65
2025-12-09 15:20:14.737148+00,ETHUSDT,0.0027,3139.65
2025-12-09 15:20:14.727529+00,ETHUSDT,0.0027,3139.65
2025-12-09 15:20:14.72283+00,ETHUSDT,0.0027,3139.65
2025-12-09 15:20:14.711744+00,ETHUSDT,0.0027,3139.65
2025-12-09 15:20:14.695863+00,ETHUSDT,0.0024,3139.65
2025-12-09 15:20:14.683212+00,ETHUSDT,0.0024,3139.65
2025-12-09 15:20:14.674825+00,ETHUSDT,0.0027,3139.65
2025-12-09 15:20:14.670913+00,ETHUSDT,0.0024,3139.65
2025-12-09 15:20:14.667036+00,ETHUSDT,0.0027,3139.65
2025-12-09 15:20:14.664281+00,ETHUSDT,0.0027,3139.65
2025-12-09 15:20:14.66007+00,ETHUSDT,0.0024,3139.65
2025-12-09 15:20:14.658285+00,ETHUSDT,0.0024,3139.65
2025-12-09 15:20:14.657192+00,ETHUSDT,0.0017,3139.65
2025-12-09 15:20:14.656571+00,ETHUSDT,0.0017,3139.65
2025-12-09 15:20:14.655431+00,ETHUSDT,0.0017,3139.65
2025-12-09 15:20:14.654823+00,ETHUSDT,0.0016,3139.65
2025-12-09 15:20:14.654431+00,BTCUSDT,6e-05,90907.67
2025-12-09 15:20:14.653791+00,BTCUSDT,6e-05,90907.67
2025-12-09 15:20:14.652003+00,BTCUSDT,6e-05,90907.67
2025-12-09 15:20:14.650349+00,BTCUSDT,0.002,90907.67
2025-12-09 15:20:14.648191+00,BTCUSDT,0.002,90907.67
2025-12-09 15:20:14.646284+00,BTCUSDT,6e-05,90907.67
2025-12-09 15:20:14.640623+00,BTCUSDT,6e-05,90907.67
2025-12-09 15:20:14.625753+00,BTCUSDT,6e-05,90907.67
2025-12-09 15:20:14.613033+00,BTCUSDT,8e-05,90907.67
2025-12-09 15:20:14.437512+00,BTCUSDT,6e-05,90907.67
2025-12-09 15:20:14.432959+00,BTCUSDT,6e-05,90907.67
2025-12-09 15:20:14.42474+00,BTCUSDT,8e-05,90907.67
2025-12-09 15:20:14.422498+00,BTCUSDT,8e-05,90907.67
2025-12-09 15:20:14.416454+00,BTCUSDT,8e-05,90907.67
2025-12-09 15:20:14.410203+00,BTCUSDT,8e-05,90907.67
2025-12-09 15:20:14.407375+00,BTCUSDT,8e-05,90907.67
2025-12-09 15:20:14.406637+00,BTCUSDT,8e-05,90907.67
2025-12-09 15:20:14.406095+00,BTCUSDT,8e-05,90907.67
2025-12-09 15:20:14.405798+00,BTCUSDT,6e-05,90907.67
2025-12-09 15:20:14.405544+00,BTCUSDT,6e-05,90907.67
2025-12-09 15:20:14.405249+00,BTCUSDT,6e-05,90907.67
2025-12-09 15:20:14.404914+00,BTCUSDT,6e-05,90907.67
2025-12-09 15:20:14.404621+00,BTCUSDT,6e-05,90907.67
2025-12-09 15:20:14.404325+00,BTCUSDT,6e-05,90907.67
2025-12-09 15:20:14.404017+00,BTCUSDT,6e-05,90907.67
2025-12-09 15:20:14.403681+00,BTCUSDT,6e-05,90907.67
2025-12-09 15:20:14.403363+00,BTCUSDT,6e-05,90907.67
2025-12-09 15:20:14.402968+00,BTCUSDT,6e-05,90907.67
2025-12-09 15:20:14.402609+00,BTCUSDT,6e-05,90907.67
2025-12-09 15:20:14.401953+00,BTCUSDT,6e-05,90907.67
2025-12-09 15:20:14.400849+00,ETHUSDT,0.0017,3139.68
2025-12-09 15:20:14.400112+00,BTCUSDT,6e-05,90908.41
2025-12-09 15:20:14.399421+00,BTCUSDT,6e-05,90908.41
2025-12-09 15:20:14.398784+00,BTCUSDT,8e-05,90908.41
2025-12-09 15:20:14.398223+00,BTCUSDT,6e-05,90908.41
2025-12-09 15:20:14.397173+00,BTCUSDT,6e-05,90908.41
2025-12-09 15:20:14.396237+00,BTCUSDT,6e-05,90908.41
2025-12-09 15:20:14.394437+00,BTCUSDT,0.0055,90908.41
2025-12-09 15:20:14.392524+00,BTCUSDT,8e-05,90908.41
2025-12-09 15:20:14.391875+00,BTCUSDT,8e-05,90908.41
2025-12-09 15:20:14.391445+00,BTCUSDT,0.0055,90908.41
2025-12-09 15:20:14.391023+00,BTCUSDT,6e-05,90908.42
2025-12-09 15:20:14.39057+00,BTCUSDT,6e-05,90908.42
2025-12-09 15:20:14.390083+00,BTCUSDT,6e-05,90908.42
2025-12-09 15:20:14.389273+00,BTCUSDT,6e-05,90908.42
2025-12-09 15:20:14.387849+00,BTCUSDT,6e-05,90908.42
2025-12-09 15:20:14.38456+00,BTCUSDT,6e-05,90908.42
2025-12-09 15:20:14.381296+00,BTCUSDT,8e-05,90908.42
2025-12-09 15:20:14.376027+00,BTCUSDT,8e-05,90908.42
2025-12-09 15:20:14.373936+00,BTCUSDT,8e-05,90908.42
2025-12-09 15:20:14.364025+00,BTCUSDT,6e-05,90908.42
2025-12-09 15:20:14.359868+00,BTCUSDT,6e-05,90908.42
2025-12-09 15:20:14.358805+00,BTCUSDT,6e-05,90908.43
2025-12-09 15:20:14.358231+00,BTCUSDT,6e-05,90908.43
2025-12-09 15:20:14.357369+00,BTCUSDT,6e-05,90908.43
2025-12-09 15:20:14.356739+00,BTCUSDT,6e-05,90908.43
2025-12-09 15:20:14.355679+00,BTCUSDT,6e-05,90908.43
2025-12-09 15:20:14.353116+00,BTCUSDT,6e-05,90908.43
2025-12-09 15:20:14.338301+00,BTCUSDT,6e-05,90908.43
2025-12-09 15:20:14.330307+00,BTCUSDT,6e-05,90908.43
2025-12-09 15:20:14.329475+00,BTCUSDT,0.00012,90908.43
2025-12-09 15:20:14.328783+00,BTCUSDT,6e-05,90908.43
2025-12-09 15:20:14.328361+00,BTCUSDT,8e-05,90908.43
2025-12-09 15:20:14.327924+00,BTCUSDT,8e-05,90908.43
2025-12-09 15:20:14.327369+00,BTCUSDT,8e-05,90908.43
2025-12-09 15:20:14.32627+00,BTCUSDT,8e-05,90908.43
2025-12-09 15:20:14.324856+00,BTCUSDT,6e-05,90908.43
2025-12-09 15:20:14.324317+00,BTCUSDT,6e-05,90908.43
2025-12-09 15:20:14.324053+00,BTCUSDT,8e-05,90908.43
2025-12-09 15:20:14.323808+00,BTCUSDT,8e-05,90908.43
2025-12-09 15:20:14.32356+00,BTCUSDT,8e-05,90908.43
2025-12-09 15:20:14.323239+00,BTCUSDT,6e-05,90908.43
2025-12-09 15:20:14.322941+00,BTCUSDT,8e-05,90908.43
2025-12-09 15:20:14.322665+00,BTCUSDT,0.00788,90908.43
2025-12-09 15:20:14.322369+00,BTCUSDT,0.05811,90908.43
2025-12-09 15:20:14.322031+00,BTCUSDT,6e-05,90908.43
2025-12-09 15:20:14.321729+00,BTCUSDT,6e-05,90908.43
2025-12-09 15:20:14.321376+00,BTCUSDT,6e-05,90908.43
2025-12-09 15:20:14.320865+00,BTCUSDT,8e-05,90908.43
2025-12-09 15:20:14.320539+00,BTCUSDT,0.01249,90908.43
2025-12-09 15:20:14.32026+00,BTCUSDT,0.21378,90908.43
2025-12-09 15:20:14.319948+00,BTCUSDT,0.12425,90908.43
2025-12-09 15:20:14.319661+00,ETHUSDT,0.0016,3139.73
2025-12-09 15:20:14.3193+00,ETHUSDT,0.0017,3139.73
2025-12-09 15:20:14.31841+00,ETHUSDT,0.0016,3139.73
2025-12-09 15:20:14.317626+00,ETHUSDT,0.0027,3139.73
2025-12-09 15:20:14.317168+00,ETHUSDT,0.052,3139.73
2025-12-09 15:20:14.316814+00,ETHUSDT,0.0016,3139.75
2025-12-09 15:20:14.316456+00,ETHUSDT,0.0016,3139.75
2025-12-09 15:20:14.316031+00,ETHUSDT,0.0127,3139.75
2025-12-09 15:20:14.314585+00,ETHUSDT,0.0127,3139.75
2025-12-09 15:20:14.309601+00,ETHUSDT,0.0017,3139.75
2025-12-09 15:20:14.307782+00,ETHUSDT,0.0027,3139.75
2025-12-09 15:20:14.305523+00,ETHUSDT,0.164,3139.75
2025-12-09 15:20:14.304959+00,ETHUSDT,0.0017,3139.76
2025-12-09 15:20:14.304395+00,ETHUSDT,0.0016,3139.76
2025-12-09 15:20:14.303793+00,ETHUSDT,0.0017,3139.76
2025-12-09 15:20:14.303045+00,ETHUSDT,0.0017,3139.76
2025-12-09 15:20:14.30145+00,ETHUSDT,0.0017,3139.76
2025-12-09 15:20:14.300007+00,ETHUSDT,0.0016,3139.76
2025-12-09 15:20:14.298725+00,ETHUSDT,0.0016,3139.78
2025-12-09 15:20:14.297757+00,ETHUSDT,0.0016,3139.78
2025-12-09 15:20:14.297152+00,ETHUSDT,0.0017,3139.78
2025-12-09 15:20:14.295567+00,ETHUSDT,0.031,3139.78
2025-12-09 15:20:14.29496+00,ETHUSDT,0.0016,3139.78
2025-12-09 15:20:14.294306+00,ETHUSDT,0.0017,3139.79
2025-12-09 15:20:14.293814+00,ETHUSDT,0.0017,3139.79
2025-12-09 15:20:14.292837+00,ETHUSDT,0.0017,3139.79
2025-12-09 15:20:14.291572+00,ETHUSDT,0.0017,3139.79
2025-12-09 15:20:14.287587+00,ETHUSDT,0.0017,3139.79
2025-12-09 15:20:14.284687+00,ETHUSDT,0.0017,3139.79
2025-12-09 15:20:14.283879+00,ETHUSDT,0.0017,3139.79
2025-12-09 15:20:14.283337+00,ETHUSDT,0.0017,3139.79
2025-12-09 15:20:14.282812+00,ETHUSDT,0.0017,3139.79
2025-12-09 15:20:14.282253+00,ETHUSDT,0.0017,3139.79
2025-12-09 15:20:14.28172+00,ETHUSDT,0.0017,3139.79
2025-12-09 15:20:14.281223+00,ETHUSDT,0.0017,3139.79
2025-12-09 15:20:14.280393+00,ETHUSDT,0.0017,3139.79
2025-12-09 15:20:14.279966+00,ETHUSDT,0.0017,3139.79
2025-12-09 15:20:14.27964+00,ETHUSDT,0.0016,3139.8
2025-12-09 15:20:14.279222+00,ETHUSDT,0.0017,3139.8
2025-12-09 15:20:14.278789+00,ETHUSDT,0.0017,3139.8
2025-12-09 15:20:14.278403+00,ETHUSDT,0.0017,3139.8
2025-12-09 15:20:14.277854+00,ETHUSDT,0.0119,3139.8
2025-12-09 15:20:14.277249+00,ETHUSDT,0.0017,3139.8
2025-12-09 15:20:14.276869+00,ETHUSDT,0.0024,3139.8
2025-12-09 15:20:14.276517+00,ETHUSDT,0.0024,3139.8
2025-12-09 15:20:14.275932+00,ETHUSDT,0.0024,3139.8
2025-12-09 15:20:14.273736+00,ETHUSDT,0.0024,3139.8
2025-12-09 15:20:14.271856+00,ETHUSDT,0.0024,3139.8
2025-12-09 15:20:14.269744+00,ETHUSDT,0.0017,3139.8
2025-12-09 15:20:14.268415+00,ETHUSDT,0.0017,3139.8
2025-12-09 15:20:14.26621+00,ETHUSDT,0.0027,3139.8
2025-12-09 15:20:14.264119+00,ETHUSDT,0.0017,3139.8
2025-12-09 15:20:14.262296+00,ETHUSDT,0.0017,3139.8
2025-12-09 15:20:14.260555+00,ETHUSDT,0.0017,3139.8
2025-12-09 15:20:14.237506+00,ETHUSDT,0.0017,3139.8
2025-12-09 15:20:14.232536+00,ETHUSDT,0.0027,3139.8
2025-12-09 15:20:14.212122+00,ETHUSDT,0.0024,3139.8
2025-12-09 15:20:14.20836+00,ETHUSDT,0.0027,3139.8
2025-12-09 15:20:14.202015+00,ETHUSDT,0.0027,3139.8
2025-12-09 15:20:14.178383+00,ETHUSDT,0.0017,3139.8
2025-12-09 15:20:14.174573+00,ETHUSDT,0.0017,3139.8
2025-12-09 15:20:14.159514+00,ETHUSDT,0.0027,3139.8
2025-12-09 15:20:14.154538+00,ETHUSDT,0.0027,3139.8
2025-12-09 15:20:14.151777+00,ETHUSDT,0.0017,3139.8
2025-12-09 15:20:14.133231+00,ETHUSDT,0.0032,3139.8
2025-12-09 15:20:14.122772+00,ETHUSDT,0.0017,3139.8
2025-12-09 15:20:14.114895+00,ETHUSDT,0.0027,3139.8
2025-12-09 15:20:14.113147+00,ETHUSDT,0.0016,3139.8
2025-12-09 15:20:14.029819+00,ETHUSDT,0.0017,3139.8
2025-12-09 15:20:13.937587+00,ETHUSDT,0.0106,3139.81
2025-12-09 15:20:13.937013+00,ETHUSDT,0.0106,3139.81
2025-12-09 15:20:13.936162+00,ETHUSDT,0.0024,3139.82
2025-12-09 15:20:13.934159+00,ETHUSDT,0.0017,3139.82
2025-12-09 15:20:13.932769+00,ETHUSDT,0.0016,3139.86
2025-12-09 15:20:13.931773+00,ETHUSDT,0.0017,3139.86
2025-12-09 15:20:13.930314+00,ETHUSDT,0.0016,3139.86
2025-12-09 15:20:13.92915+00,ETHUSDT,0.0076,3139.86
2025-12-09 15:20:13.928802+00,ETHUSDT,0.0016,3139.89
2025-12-09 15:20:13.928437+00,ETHUSDT,0.0016,3139.89
2025-12-09 15:20:13.928083+00,ETHUSDT,0.0016,3139.89
2025-12-09 15:20:13.927801+00,ETHUSDT,0.0017,3139.89
2025-12-09 15:20:13.927382+00,ETHUSDT,0.0017,3139.89
2025-12-09 15:20:13.927068+00,ETHUSDT,0.0017,3139.89
2025-12-09 15:20:13.926787+00,ETHUSDT,0.0017,3139.89
2025-12-09 15:20:13.92652+00,ETHUSDT,0.0017,3139.89
2025-12-09 15:20:13.926235+00,ETHUSDT,0.0017,3139.89
2025-12-09 15:20:13.925933+00,ETHUSDT,0.0016,3139.89
2025-12-09 15:20:13.925038+00,ETHUSDT,0.0016,3139.89
2025-12-09 15:20:13.924784+00,ETHUSDT,0.0016,3139.89
2025-12-09 15:20:13.924533+00,ETHUSDT,0.0017,3139.9
2025-12-09 15:20:13.924267+00,ETHUSDT,0.0017,3139.9
2025-12-09 15:20:13.924009+00,ETHUSDT,0.0017,3139.9
2025-12-09 15:20:13.923762+00,ETHUSDT,0.0017,3139.9
2025-12-09 15:20:13.923504+00,ETHUSDT,0.0017,3139.9
2025-12-09 15:20:13.923228+00,ETHUSDT,0.0017,3139.9
2025-12-09 15:20:13.92294+00,ETHUSDT,0.0017,3139.9
2025-12-09 15:20:13.922657+00,ETHUSDT,0.0017,3139.9
2025-12-09 15:20:13.922319+00,ETHUSDT,0.0017,3139.9
2025-12-09 15:20:13.921982+00,ETHUSDT,0.0017,3139.9
2025-12-09 15:20:13.921589+00,ETHUSDT,0.0017,3139.9
2025-12-09 15:20:13.920839+00,ETHUSDT,0.0017,3139.9
2025-12-09 15:20:13.920482+00,ETHUSDT,0.0017,3139.9
2025-12-09 15:20:13.920024+00,ETHUSDT,0.0017,3139.9
2025-12-09 15:20:13.919315+00,ETHUSDT,0.0016,3139.91
2025-12-09 15:20:13.917926+00,ETHUSDT,0.0016,3139.91
2025-12-09 15:20:13.916829+00,ETHUSDT,0.0024,3139.91
2025-12-09 15:20:13.915489+00,ETHUSDT,0.0017,3139.91
2025-12-09 15:20:13.914071+00,ETHUSDT,0.0017,3139.91
2025-12-09 15:20:13.911647+00,ETHUSDT,0.0027,3139.91
2025-12-09 15:20:13.910827+00,ETHUSDT,0.0016,3139.91
2025-12-09 15:20:13.910282+00,ETHUSDT,0.0017,3139.91
2025-12-09 15:20:13.909605+00,ETHUSDT,0.0017,3139.91
2025-12-09 15:20:13.908784+00,ETHUSDT,0.0017,3139.91
2025-12-09 15:20:13.907794+00,ETHUSDT,0.0017,3139.91
2025-12-09 15:20:13.906278+00,ETHUSDT,0.0017,3139.91
2025-12-09 15:20:13.904888+00,ETHUSDT,0.0017,3139.91
2025-12-09 15:20:13.903831+00,ETHUSDT,0.0017,3139.91
2025-12-09 15:20:13.903288+00,ETHUSDT,0.0017,3139.91
2025-12-09 15:20:13.902305+00,ETHUSDT,0.0017,3139.91
2025-12-09 15:20:13.900219+00,ETHUSDT,0.0017,3139.91
2025-12-09 15:20:13.89805+00,ETHUSDT,0.0017,3139.91
2025-12-09 15:20:13.897372+00,ETHUSDT,0.0024,3139.91
2025-12-09 15:20:13.896882+00,ETHUSDT,0.0024,3139.91
2025-12-09 15:20:13.896456+00,ETHUSDT,0.0027,3139.91
2025-12-09 15:20:13.89596+00,ETHUSDT,0.0027,3139.91
2025-12-09 15:20:13.895207+00,ETHUSDT,0.0016,3139.91
2025-12-09 15:20:13.894859+00,ETHUSDT,0.0027,3139.91
2025-12-09 15:20:13.894182+00,ETHUSDT,0.0027,3139.91
2025-12-09 15:20:13.892779+00,ETHUSDT,0.0024,3139.91
2025-12-09 15:20:13.891971+00,ETHUSDT,0.0027,3139.91
2025-12-09 15:20:13.891622+00,ETHUSDT,0.0027,3139.91
2025-12-09 15:20:13.891286+00,ETHUSDT,0.0032,3139.91
2025-12-09 15:20:13.890705+00,ETHUSDT,0.0024,3139.91
2025-12-09 15:20:13.889414+00,ETHUSDT,0.0024,3139.91
2025-12-09 15:20:13.887969+00,ETHUSDT,0.0027,3139.91
2025-12-09 15:20:13.884078+00,ETHUSDT,0.0024,3139.91
2025-12-09 15:20:13.881337+00,ETHUSDT,0.0017,3139.91
2025-12-09 15:20:13.879758+00,BTCUSDT,0.04197,90908.43
2025-12-09 15:20:13.878847+00,BTCUSDT,0.03309,90908.43
2025-12-09 15:20:13.875331+00,BTCUSDT,0.00588,90908.43
2025-12-09 15:20:13.874051+00,BTCUSDT,0.00012,90908.43
2025-12-09 15:20:13.873186+00,BTCUSDT,0.00012,90908.43
2025-12-09 15:20:13.872677+00,BTCUSDT,6e-05,90908.43
2025-12-09 15:20:13.871704+00,BTCUSDT,8e-05,90908.43
2025-12-09 15:20:13.871067+00,BTCUSDT,0.00012,90908.43
2025-12-09 15:20:13.869885+00,BTCUSDT,0.00012,90908.43
2025-12-09 15:20:13.868606+00,BTCUSDT,0.00012,90908.43
2025-12-09 15:20:13.867606+00,BTCUSDT,0.00012,90908.43
2025-12-09 15:20:13.866977+00,BTCUSDT,0.00113,90908.43
2025-12-09 15:20:13.866282+00,BTCUSDT,0.00069,90908.43
2025-12-09 15:20:13.864841+00,BTCUSDT,0.00012,90908.43
2025-12-09 15:20:13.863885+00,BTCUSDT,0.00012,90908.43
2025-12-09 15:20:13.862907+00,BTCUSDT,0.00012,90908.43
2025-12-09 15:20:13.862485+00,BTCUSDT,8e-05,90908.43
2025-12-09 15:20:13.862093+00,BTCUSDT,8e-05,90908.43
2025-12-09 15:20:13.86169+00,BTCUSDT,8e-05,90908.43
2025-12-09 15:20:13.861109+00,BTCUSDT,0.01039,90908.43
2025-12-09 15:20:13.860699+00,BTCUSDT,0.0011,90908.43
2025-12-09 15:20:13.860238+00,BTCUSDT,0.01143,90908.43
2025-12-09 15:20:13.859891+00,BTCUSDT,8e-05,90908.43
2025-12-09 15:20:13.859471+00,BTCUSDT,0.00048,90908.43
2025-12-09 15:20:13.858987+00,BTCUSDT,8e-05,90908.43
2025-12-09 15:20:13.858619+00,BTCUSDT,8e-05,90908.43
2025-12-09 15:20:13.858223+00,BTCUSDT,0.00012,90908.43
2025-12-09 15:20:13.85774+00,BTCUSDT,6e-05,90908.43
2025-12-09 15:20:13.856812+00,BTCUSDT,8e-05,90908.43
2025-12-09 15:20:13.855967+00,BTCUSDT,6e-05,90908.43
2025-12-09 15:20:13.854693+00,BTCUSDT,6e-05,90908.43
2025-12-09 15:20:13.853684+00,BTCUSDT,8e-05,90908.43
2025-12-09 15:20:13.85202+00,BTCUSDT,8e-05,90908.43
2025-12-09 15:20:13.850654+00,BTCUSDT,8e-05,90908.43
2025-12-09 15:20:13.848968+00,BTCUSDT,8e-05,90908.43
2025-12-09 15:20:13.847565+00,BTCUSDT,0.00148,90908.43
2025-12-09 15:20:13.840916+00,ETHUSDT,0.0017,3139.92
2025-12-09 15:20:13.840071+00,ETHUSDT,0.0016,3139.92
2025-12-09 15:20:13.839349+00,ETHUSDT,0.0015,3139.93
2025-12-09 15:20:13.838733+00,ETHUSDT,0.0002,3139.93
2025-12-09 15:20:13.838267+00,ETHUSDT,0.0017,3139.93
2025-12-09 15:20:13.837852+00,ETHUSDT,0.0016,3139.94
2025-12-09 15:20:13.837227+00,ETHUSDT,0.0017,3139.94
2025-12-09 15:20:13.83582+00,ETHUSDT,0.0016,3139.94
2025-12-09 15:20:13.834292+00,ETHUSDT,0.016,3139.94
2025-12-09 15:20:13.832973+00,ETHUSDT,0.0017,3139.95
2025-12-09 15:20:13.830753+00,ETHUSDT,0.0016,3139.96
2025-12-09 15:20:13.829181+00,ETHUSDT,0.0017,3139.96
2025-12-09 15:20:13.827393+00,ETHUSDT,0.0016,3139.96
2025-12-09 15:20:13.825293+00,ETHUSDT,0.0017,3139.96
2025-12-09 15:20:13.824616+00,ETHUSDT,0.0017,3139.97
2025-12-09 15:20:13.823747+00,ETHUSDT,0.0016,3139.98
2025-12-09 15:20:13.821849+00,ETHUSDT,0.0016,3139.98
2025-12-09 15:20:13.813451+00,ETHUSDT,0.0024,3139.98
2025-12-09 15:20:13.812676+00,ETHUSDT,0.0024,3139.98
2025-12-09 15:20:13.811776+00,ETHUSDT,0.0024,3139.98
2025-12-09 15:20:13.81049+00,ETHUSDT,0.0024,3139.98
2025-12-09 15:20:13.808979+00,ETHUSDT,0.0024,3139.98
2025-12-09 15:20:13.807748+00,ETHUSDT,0.0024,3139.98
2025-12-09 15:20:13.806856+00,ETHUSDT,0.0027,3139.98
2025-12-09 15:20:13.80501+00,ETHUSDT,0.0027,3139.98
2025-12-09 15:20:13.802925+00,ETHUSDT,0.0027,3139.98
2025-12-09 15:20:13.791731+00,ETHUSDT,0.0032,3139.98
2025-12-09 15:20:13.789981+00,ETHUSDT,0.0027,3139.98
2025-12-09 15:20:13.789564+00,ETHUSDT,0.0027,3139.98
2025-12-09 15:20:13.789029+00,ETHUSDT,0.0027,3139.98
2025-12-09 15:20:13.788305+00,ETHUSDT,0.0027,3139.98
2025-12-09 15:20:13.786445+00,ETHUSDT,0.0017,3139.98
2025-12-09 15:20:13.775675+00,ETHUSDT,0.0016,3139.99
2025-12-09 15:20:13.775176+00,ETHUSDT,0.0016,3139.99
2025-12-09 15:20:13.774815+00,ETHUSDT,0.0027,3139.99
2025-12-09 15:20:13.774421+00,ETHUSDT,0.0016,3139.99
2025-12-09 15:20:13.773753+00,ETHUSDT,0.0027,3139.99
2025-12-09 15:20:13.770241+00,ETHUSDT,0.0027,3139.99
2025-12-09 15:20:13.767673+00,ETHUSDT,0.0024,3139.99
2025-12-09 15:20:13.765262+00,ETHUSDT,0.0024,3139.99
2025-12-09 15:20:13.763219+00,ETHUSDT,0.0024,3139.99
2025-12-09 15:20:13.761836+00,ETHUSDT,0.0027,3139.99
2025-12-09 15:20:13.76083+00,ETHUSDT,0.0032,3139.99
2025-12-09 15:20:13.759886+00,ETHUSDT,0.0027,3139.99
2025-12-09 15:20:13.758533+00,ETHUSDT,0.0024,3139.99
2025-12-09 15:20:13.758144+00,ETHUSDT,0.0027,3139.99
2025-12-09 15:20:13.75779+00,ETHUSDT,0.0027,3139.99
2025-12-09 15:20:13.757489+00,ETHUSDT,0.0024,3139.99
2025-12-09 15:20:13.757059+00,ETHUSDT,0.0024,3139.99
2025-12-09 15:20:13.756695+00,ETHUSDT,0.0032,3139.99
2025-12-09 15:20:13.756244+00,ETHUSDT,0.0032,3139.99
2025-12-09 15:20:13.75577+00,ETHUSDT,0.0032,3139.99
2025-12-09 15:20:13.755182+00,ETHUSDT,0.0032,3139.99
2025-12-09 15:20:13.754639+00,ETHUSDT,0.0032,3139.99
2025-12-09 15:20:13.754039+00,ETHUSDT,0.0032,3139.99
2025-12-09 15:20:13.751097+00,ETHUSDT,0.0027,3139.99
2025-12-09 15:20:13.744095+00,ETHUSDT,0.0016,3139.99
2025-12-09 15:20:13.743397+00,ETHUSDT,0.0024,3139.99
2025-12-09 15:20:13.743005+00,ETHUSDT,0.0027,3139.99
2025-12-09 15:20:13.742634+00,ETHUSDT,0.0027,3139.99
2025-12-09 15:20:13.742276+00,ETHUSDT,0.0027,3139.99
2025-12-09 15:20:13.741909+00,ETHUSDT,0.0027,3139.99
2025-12-09 15:20:13.741436+00,ETHUSDT,0.0024,3139.99
2025-12-09 15:20:13.740832+00,ETHUSDT,0.0027,3139.99
2025-12-09 15:20:13.740083+00,ETHUSDT,0.0027,3139.99
2025-12-09 15:20:13.738613+00,ETHUSDT,0.0024,3139.99
2025-12-09 15:20:13.737508+00,ETHUSDT,0.0024,3139.99
2025-12-09 15:20:13.736157+00,ETHUSDT,0.0024,3139.99
2025-12-09 15:20:13.733048+00,ETHUSDT,0.0032,3139.99
2025-12-09 15:20:13.73052+00,ETHUSDT,0.0024,3139.99
2025-12-09 15:20:13.729192+00,ETHUSDT,0.0017,3139.99
2025-12-09 15:20:13.717855+00,BTCUSDT,0.00023,90908.43
2025-12-09 15:20:13.538048+00,BTCUSDT,0.00483,90908.44
2025-12-09 15:20:13.525578+00,BTCUSDT,0.002,90908.44
2025-12-09 15:20:13.360761+00,BTCUSDT,0.00012,90908.43
2025-12-09 15:20:13.359318+00,BTCUSDT,0.002,90908.43
2025-12-09 15:20:13.357555+00,BTCUSDT,8e-05,90908.43
2025-12-09 15:20:13.35586+00,ETHUSDT,0.0016,3140
2025-12-09 15:20:13.35399+00,ETHUSDT,0.0027,3140
2025-12-09 15:20:13.351917+00,ETHUSDT,0.0024,3140
2025-12-09 15:20:13.346901+00,ETHUSDT,0.0017,3140
2025-12-09 15:20:13.343686+00,ETHUSDT,0.0027,3140
2025-12-09 15:20:13.34164+00,ETHUSDT,0.0027,3140
2025-12-09 15:20:13.340509+00,ETHUSDT,0.0024,3140
2025-12-09 15:20:13.339501+00,ETHUSDT,0.0027,3140
2025-12-09 15:20:13.338756+00,ETHUSDT,0.0027,3140
2025-12-09 15:20:13.338153+00,ETHUSDT,0.0027,3140
2025-12-09 15:20:13.337428+00,ETHUSDT,0.0017,3140
2025-12-09 15:20:13.3367+00,ETHUSDT,0.0024,3140
2025-12-09 15:20:13.334486+00,ETHUSDT,0.0024,3140
2025-12-09 15:20:13.333282+00,ETHUSDT,0.0024,3140
2025-12-09 15:20:13.331574+00,ETHUSDT,0.0016,3140
2025-12-09 15:20:13.330418+00,ETHUSDT,0.0027,3140
2025-12-09 15:20:13.329409+00,ETHUSDT,0.0024,3140
2025-12-09 15:20:13.327921+00,ETHUSDT,0.0027,3140
2025-12-09 15:20:13.326912+00,ETHUSDT,0.0024,3140
2025-12-09 15:20:13.325357+00,ETHUSDT,0.0024,3140
2025-12-09 15:20:13.324344+00,ETHUSDT,0.0024,3140
2025-12-09 15:20:13.322888+00,ETHUSDT,0.0027,3140
2025-12-09 15:20:13.322007+00,ETHUSDT,0.0024,3140
2025-12-09 15:20:13.320804+00,ETHUSDT,0.0027,3140
2025-12-09 15:20:13.318067+00,ETHUSDT,0.0027,3140
2025-12-09 15:20:13.309514+00,ETHUSDT,0.0032,3140
2025-12-09 15:20:13.308679+00,ETHUSDT,0.0032,3140
2025-12-09 15:20:13.308047+00,ETHUSDT,0.0032,3140
2025-12-09 15:20:13.3075+00,ETHUSDT,1.3762,3140.01
2025-12-09 15:20:13.306408+00,ETHUSDT,1.2,3140.01
2025-12-09 15:20:13.304662+00,ETHUSDT,0.4238,3140.01
2025-12-09 15:20:12.972818+00,BTCUSDT,0.00078,90908.44
2025-12-09 15:20:12.972513+00,ETHUSDT,0.6587,3140
2025-12-09 15:20:12.972097+00,ETHUSDT,2.374,3140
2025-12-09 15:20:12.971837+00,ETHUSDT,0.0815,3140
2025-12-09 15:20:12.971563+00,ETHUSDT,0.0027,3140
2025-12-09 15:20:12.971217+00,ETHUSDT,0.0017,3140
2025-12-09 15:20:12.970949+00,ETHUSDT,0.0027,3140
2025-12-09 15:20:12.970668+00,ETHUSDT,0.0027,3140
2025-12-09 15:20:12.970396+00,ETHUSDT,0.0024,3140
2025-12-09 15:20:12.970095+00,ETHUSDT,0.0027,3140
2025-12-09 15:20:12.969795+00,ETHUSDT,0.0024,3140
2025-12-09 15:20:12.969477+00,ETHUSDT,0.0024,3140
2025-12-09 15:20:12.968958+00,ETHUSDT,0.0024,3140
2025-12-09 15:20:12.968027+00,ETHUSDT,0.0032,3140
2025-12-09 15:20:12.967485+00,ETHUSDT,0.0024,3140
2025-12-09 15:20:12.967057+00,ETHUSDT,0.0027,3140
2025-12-09 15:20:12.966735+00,ETHUSDT,0.0017,3140
2025-12-09 15:20:12.965986+00,ETHUSDT,0.0027,3140
2025-12-09 15:20:12.964209+00,ETHUSDT,0.0024,3140
2025-12-09 15:20:12.962518+00,ETHUSDT,0.0027,3140
2025-12-09 15:20:12.960608+00,ETHUSDT,0.0027,3140
2025-12-09 15:20:12.959137+00,ETHUSDT,0.0024,3140
2025-12-09 15:20:12.958469+00,ETHUSDT,0.0017,3140
2025-12-09 15:20:12.957756+00,ETHUSDT,0.0032,3140
2025-12-09 15:20:12.957405+00,ETHUSDT,0.0024,3140
2025-12-09 15:20:12.956917+00,ETHUSDT,0.0024,3140
2025-12-09 15:20:12.955951+00,ETHUSDT,0.0027,3140
2025-12-09 15:20:12.955311+00,ETHUSDT,0.0027,3140
2025-12-09 15:20:12.954343+00,ETHUSDT,0.0024,3140
2025-12-09 15:20:12.952708+00,ETHUSDT,0.0027,3140
2025-12-09 15:20:12.949993+00,ETHUSDT,0.005,3140
2025-12-09 15:20:12.942899+00,ETHUSDT,0.0016,3140
2025-12-09 15:20:12.630767+00,BTCUSDT,0.08334,90908.43
2025-12-09 15:20:12.6298+00,BTCUSDT,0.001,90908.43
2025-12-09 15:20:12.628737+00,BTCUSDT,6e-05,90908.43
2025-12-09 15:20:12.627955+00,BTCUSDT,6e-05,90908.43
2025-12-09 15:20:12.62757+00,BTCUSDT,8e-05,90908.43
2025-12-09 15:20:12.627181+00,BTCUSDT,6e-05,90908.43
2025-12-09 15:20:12.626752+00,BTCUSDT,6e-05,90908.43
2025-12-09 15:20:12.626165+00,BTCUSDT,8e-05,90908.43
2025-12-09 15:20:12.625598+00,BTCUSDT,8e-05,90908.43
2025-12-09 15:20:12.625227+00,BTCUSDT,6e-05,90908.43
2025-12-09 15:20:12.624938+00,BTCUSDT,8e-05,90908.43
2025-12-09 15:20:12.624647+00,BTCUSDT,8e-05,90908.43
2025-12-09 15:20:12.624307+00,BTCUSDT,0.00069,90908.43
2025-12-09 15:20:12.623947+00,BTCUSDT,0.00048,90908.43
2025-12-09 15:20:12.623608+00,BTCUSDT,6e-05,90908.43
2025-12-09 15:20:12.623212+00,BTCUSDT,8e-05,90908.43
2025-12-09 15:20:12.622573+00,BTCUSDT,0.01461,90908.43
2025-12-09 15:20:12.622172+00,BTCUSDT,6e-05,90908.43
2025-12-09 15:20:12.621793+00,BTCUSDT,8e-05,90908.43
2025-12-09 15:20:12.621413+00,BTCUSDT,8e-05,90908.43
2025-12-09 15:20:12.621011+00,BTCUSDT,8e-05,90908.43
2025-12-09 15:20:12.620421+00,BTCUSDT,6e-05,90908.43
2025-12-09 15:20:12.619744+00,BTCUSDT,8e-05,90908.43
2025-12-09 15:20:12.616245+00,BTCUSDT,8e-05,90908.43
2025-12-09 15:20:12.610443+00,BTCUSDT,6e-05,90908.43
2025-12-09 15:20:12.610152+00,BTCUSDT,6e-05,90908.43
2025-12-09 15:20:12.609735+00,BTCUSDT,6e-05,90908.43
2025-12-09 15:20:12.609097+00,BTCUSDT,8e-05,90908.43
2025-12-09 15:20:12.608788+00,BTCUSDT,8e-05,90908.43
2025-12-09 15:20:12.60848+00,BTCUSDT,8e-05,90908.43
2025-12-09 15:20:12.608069+00,BTCUSDT,0.00618,90908.43
2025-12-09 15:20:12.607752+00,BTCUSDT,0.00012,90908.43
2025-12-09 15:20:12.607383+00,BTCUSDT,0.00048,90908.43
2025-12-09 15:20:12.606976+00,BTCUSDT,8e-05,90908.43
2025-12-09 15:20:12.606652+00,BTCUSDT,8e-05,90908.43
2025-12-09 15:20:12.606318+00,BTCUSDT,0.00012,90908.43
2025-12-09 15:20:12.605955+00,BTCUSDT,0.00048,90908.43
2025-12-09 15:20:12.605597+00,BTCUSDT,0.00012,90908.43
2025-12-09 15:20:12.605192+00,BTCUSDT,0.00012,90908.43
2025-12-09 15:20:12.604756+00,BTCUSDT,0.00012,90908.43
2025-12-09 15:20:12.60408+00,BTCUSDT,0.00012,90908.43
2025-12-09 15:20:12.603157+00,BTCUSDT,0.00012,90908.43
2025-12-09 15:20:12.491067+00,ETHUSDT,0.0017,3140.01
2025-12-09 15:20:12.490841+00,ETHUSDT,0.0017,3140.01
2025-12-09 15:20:12.490597+00,ETHUSDT,0.0017,3140.01
2025-12-09 15:20:12.490363+00,ETHUSDT,0.0016,3140.02
2025-12-09 15:20:12.490101+00,ETHUSDT,0.0027,3140.02
2025-12-09 15:20:12.489878+00,ETHUSDT,0.0024,3140.02
2025-12-09 15:20:12.489655+00,ETHUSDT,0.0024,3140.02
2025-12-09 15:20:12.489402+00,ETHUSDT,0.0024,3140.02
2025-12-09 15:20:12.489159+00,ETHUSDT,0.0024,3140.02
2025-12-09 15:20:12.4889+00,ETHUSDT,0.0027,3140.02
2025-12-09 15:20:12.488627+00,ETHUSDT,0.0024,3140.02
2025-12-09 15:20:12.488338+00,ETHUSDT,0.0024,3140.02
2025-12-09 15:20:12.488051+00,ETHUSDT,0.0027,3140.02
2025-12-09 15:20:12.487803+00,ETHUSDT,0.0027,3140.02
2025-12-09 15:20:12.487514+00,ETHUSDT,0.0017,3140.02
2025-12-09 15:20:12.487207+00,ETHUSDT,0.0017,3140.02
2025-12-09 15:20:12.486915+00,ETHUSDT,0.0027,3140.02
2025-12-09 15:20:12.486597+00,ETHUSDT,0.0027,3140.02
2025-12-09 15:20:12.486218+00,ETHUSDT,0.0017,3140.02
2025-12-09 15:20:12.485697+00,ETHUSDT,0.0027,3140.02
2025-12-09 15:20:12.48485+00,ETHUSDT,0.0032,3140.02
2025-12-09 15:20:12.484158+00,ETHUSDT,0.0016,3140.02
2025-12-09 15:20:12.483324+00,ETHUSDT,0.0017,3140.02
2025-12-09 15:20:12.48281+00,ETHUSDT,0.0017,3140.06
2025-12-09 15:20:12.482214+00,ETHUSDT,0.0017,3140.06
2025-12-09 15:20:12.481269+00,ETHUSDT,0.0017,3140.06
2025-12-09 15:20:12.480471+00,ETHUSDT,0.0017,3140.06
2025-12-09 15:20:12.478967+00,ETHUSDT,0.0016,3140.06
2025-12-09 15:20:12.478246+00,ETHUSDT,0.0017,3140.07
2025-12-09 15:20:12.477757+00,ETHUSDT,0.0024,3140.07
2025-12-09 15:20:12.477278+00,ETHUSDT,0.0017,3140.07
2025-12-09 15:20:12.476771+00,ETHUSDT,0.0017,3140.07
2025-12-09 15:20:12.476172+00,ETHUSDT,0.0027,3140.07
2025-12-09 15:20:12.475497+00,ETHUSDT,0.0027,3140.07
2025-12-09 15:20:12.470513+00,ETHUSDT,0.0017,3140.07
2025-12-09 15:20:12.469477+00,ETHUSDT,0.0024,3140.07
2025-12-09 15:20:12.4684+00,ETHUSDT,0.0024,3140.07
2025-12-09 15:20:12.467118+00,ETHUSDT,0.0024,3140.07
2025-12-09 15:20:12.466343+00,ETHUSDT,0.0027,3140.07
2025-12-09 15:20:12.465735+00,ETHUSDT,0.0027,3140.07
2025-12-09 15:20:12.464242+00,ETHUSDT,0.0024,3140.07
2025-12-09 15:20:12.461423+00,ETHUSDT,0.0027,3140.07
2025-12-09 15:20:12.457661+00,ETHUSDT,0.0017,3140.07
2025-12-09 15:20:12.455216+00,ETHUSDT,0.0017,3140.07
2025-12-09 15:20:12.454839+00,ETHUSDT,0.0017,3140.07
2025-12-09 15:20:12.45456+00,ETHUSDT,0.0017,3140.07
2025-12-09 15:20:12.454294+00,ETHUSDT,0.0017,3140.07
2025-12-09 15:20:12.453967+00,ETHUSDT,0.0017,3140.07
2025-12-09 15:20:12.453702+00,ETHUSDT,0.0017,3140.07
2025-12-09 15:20:12.453427+00,ETHUSDT,0.0016,3140.08
2025-12-09 15:20:12.453131+00,ETHUSDT,0.0017,3140.08
2025-12-09 15:20:12.452853+00,ETHUSDT,0.0017,3140.08
2025-12-09 15:20:12.452572+00,ETHUSDT,0.0017,3140.08
2025-12-09 15:20:12.452299+00,ETHUSDT,0.0017,3140.08
2025-12-09 15:20:12.451952+00,ETHUSDT,0.0024,3140.08
2025-12-09 15:20:12.451113+00,ETHUSDT,0.0016,3140.08
2025-12-09 15:20:12.450401+00,ETHUSDT,0.0017,3140.08
2025-12-09 15:20:12.449973+00,ETHUSDT,0.0017,3140.08
2025-12-09 15:20:12.449703+00,ETHUSDT,0.0024,3140.08
2025-12-09 15:20:12.449416+00,ETHUSDT,0.0017,3140.08
2025-12-09 15:20:12.448922+00,ETHUSDT,0.0024,3140.08
2025-12-09 15:20:12.448491+00,ETHUSDT,0.0027,3140.08
2025-12-09 15:20:12.44803+00,ETHUSDT,0.0024,3140.08
2025-12-09 15:20:12.447137+00,ETHUSDT,0.0024,3140.08
2025-12-09 15:20:12.445781+00,ETHUSDT,0.0027,3140.08
2025-12-09 15:20:12.444824+00,ETHUSDT,0.0027,3140.08
2025-12-09 15:20:12.443965+00,ETHUSDT,0.0024,3140.08
2025-12-09 15:20:12.440092+00,ETHUSDT,0.0027,3140.08
2025-12-09 15:20:12.439806+00,ETHUSDT,0.0027,3140.08
2025-12-09 15:20:12.439457+00,ETHUSDT,0.0027,3140.08
2025-12-09 15:20:12.438832+00,ETHUSDT,0.0027,3140.08
2025-12-09 15:20:12.438345+00,ETHUSDT,0.0032,3140.08
2025-12-09 15:20:12.438028+00,ETHUSDT,0.0017,3140.08
2025-12-09 15:20:12.437722+00,ETHUSDT,0.0017,3140.08
2025-12-09 15:20:12.437329+00,ETHUSDT,0.0017,3140.08
2025-12-09 15:20:12.436712+00,ETHUSDT,0.0017,3140.08
2025-12-09 15:20:12.436392+00,ETHUSDT,0.0016,3140.09
2025-12-09 15:20:12.436052+00,ETHUSDT,0.0017,3140.09
2025-12-09 15:20:12.435733+00,ETHUSDT,0.0017,3140.09
2025-12-09 15:20:12.434698+00,ETHUSDT,0.0017,3140.09
2025-12-09 15:20:12.433805+00,ETHUSDT,0.0027,3140.09
2025-12-09 15:20:12.433261+00,ETHUSDT,0.0024,3140.09
2025-12-09 15:20:12.432332+00,ETHUSDT,0.15,3140.09
2025-12-09 15:20:12.429663+00,ETHUSDT,0.0017,3140.09
2025-12-09 15:20:12.428598+00,ETHUSDT,0.0024,3140.09
2025-12-09 15:20:12.427987+00,ETHUSDT,0.0027,3140.09
2025-12-09 15:20:12.426925+00,ETHUSDT,0.0027,3140.09
2025-12-09 15:20:12.426387+00,ETHUSDT,0.0027,3140.09
2025-12-09 15:20:12.425822+00,ETHUSDT,0.0024,3140.09
2025-12-09 15:20:12.425374+00,ETHUSDT,0.0024,3140.09
2025-12-09 15:20:12.425097+00,ETHUSDT,0.0027,3140.09
2025-12-09 15:20:12.424806+00,ETHUSDT,0.0032,3140.09
2025-12-09 15:20:12.424484+00,ETHUSDT,0.0032,3140.09
2025-12-09 15:20:12.424117+00,ETHUSDT,0.0032,3140.09
2025-12-09 15:20:12.423846+00,ETHUSDT,0.0017,3140.09
2025-12-09 15:20:12.423559+00,ETHUSDT,0.0027,3140.09
2025-12-09 15:20:12.42317+00,ETHUSDT,0.0024,3140.09
2025-12-09 15:20:12.422788+00,ETHUSDT,0.0027,3140.09
2025-12-09 15:20:12.422193+00,ETHUSDT,0.0024,3140.09
2025-12-09 15:20:12.421822+00,ETHUSDT,0.0016,3140.09
2025-12-09 15:20:12.419713+00,ETHUSDT,0.0095,3140.09
2025-12-09 15:20:12.4194+00,ETHUSDT,0.0032,3140.09
2025-12-09 15:20:12.419097+00,ETHUSDT,0.0024,3140.09
2025-12-09 15:20:12.418778+00,ETHUSDT,0.0027,3140.09
2025-12-09 15:20:12.418287+00,ETHUSDT,0.0027,3140.09
2025-12-09 15:20:12.417383+00,ETHUSDT,0.0024,3140.09
2025-12-09 15:20:12.416943+00,ETHUSDT,0.0024,3140.09
2025-12-09 15:20:12.416221+00,ETHUSDT,0.0027,3140.09
2025-12-09 15:20:12.413591+00,ETHUSDT,0.0024,3140.09
2025-12-09 15:20:12.411045+00,ETHUSDT,0.0024,3140.09
2025-12-09 15:20:12.410342+00,ETHUSDT,0.0027,3140.09
2025-12-09 15:20:12.409806+00,ETHUSDT,0.0024,3140.09
2025-12-09 15:20:12.409325+00,ETHUSDT,0.0027,3140.09
2025-12-09 15:20:12.406174+00,ETHUSDT,0.0027,3140.09
2025-12-09 15:20:11.937488+00,ETHUSDT,1.3536,3140.09
2025-12-09 15:20:11.936955+00,ETHUSDT,1.4329,3140.09
2025-12-09 15:20:11.936056+00,ETHUSDT,0.0032,3140.09
2025-12-09 15:20:11.93494+00,ETHUSDT,0.3932,3140.09
2025-12-09 15:20:11.933739+00,ETHUSDT,0.0027,3140.09
2025-12-09 15:20:11.90896+00,BTCUSDT,0.00198,90908.44
2025-12-09 15:20:11.900259+00,ETHUSDT,0.0017,3140.1
2025-12-09 15:20:11.89994+00,ETHUSDT,0.0017,3140.1
2025-12-09 15:20:11.899616+00,ETHUSDT,0.0017,3140.1
2025-12-09 15:20:11.89925+00,ETHUSDT,0.0017,3140.18
2025-12-09 15:20:11.898802+00,ETHUSDT,0.0017,3140.19
2025-12-09 15:20:11.89761+00,ETHUSDT,0.0017,3140.19
2025-12-09 15:20:11.895596+00,ETHUSDT,0.0017,3140.19
2025-12-09 15:20:11.895023+00,ETHUSDT,0.0017,3140.19
2025-12-09 15:20:11.894196+00,ETHUSDT,0.0017,3140.19
2025-12-09 15:20:11.892073+00,ETHUSDT,0.0016,3140.2
2025-12-09 15:20:11.890611+00,ETHUSDT,0.0016,3140.2
2025-12-09 15:20:11.887281+00,ETHUSDT,0.0027,3140.2
2025-12-09 15:20:11.883519+00,ETHUSDT,0.0017,3140.2
2025-12-09 15:20:11.87711+00,ETHUSDT,0.0017,3140.2
2025-12-09 15:20:11.875568+00,ETHUSDT,0.0017,3140.2
2025-12-09 15:20:11.875025+00,ETHUSDT,0.0017,3140.2
2025-12-09 15:20:11.874592+00,ETHUSDT,0.0027,3140.2
2025-12-09 15:20:11.874165+00,ETHUSDT,0.0021,3140.2
2025-12-09 15:20:11.873641+00,ETHUSDT,0.0024,3140.2
2025-12-09 15:20:11.872822+00,ETHUSDT,0.0024,3140.2
2025-12-09 15:20:11.871954+00,ETHUSDT,0.0016,3140.2
2025-12-09 15:20:11.870351+00,ETHUSDT,0.0017,3140.2
2025-12-09 15:20:11.86826+00,ETHUSDT,0.0027,3140.2
2025-12-09 15:20:11.866675+00,ETHUSDT,0.0027,3140.2
2025-12-09 15:20:11.866027+00,ETHUSDT,0.0027,3140.2
2025-12-09 15:20:11.865623+00,ETHUSDT,0.0024,3140.2
2025-12-09 15:20:11.864861+00,ETHUSDT,0.15,3140.2
2025-12-09 15:20:11.863735+00,ETHUSDT,0.0024,3140.2
2025-12-09 15:20:11.862409+00,ETHUSDT,0.0027,3140.2
2025-12-09 15:20:11.860764+00,ETHUSDT,0.0027,3140.2
2025-12-09 15:20:11.858676+00,ETHUSDT,0.0024,3140.2
2025-12-09 15:20:11.857355+00,ETHUSDT,0.0027,3140.2
2025-12-09 15:20:11.857+00,ETHUSDT,0.0027,3140.2
2025-12-09 15:20:11.856617+00,ETHUSDT,0.0016,3140.2
2025-12-09 15:20:11.855713+00,ETHUSDT,0.0024,3140.2
2025-12-09 15:20:11.849304+00,ETHUSDT,0.0024,3140.2
2025-12-09 15:20:11.847524+00,ETHUSDT,0.0032,3140.2
2025-12-09 15:20:11.841296+00,ETHUSDT,0.0032,3140.2
2025-12-09 15:20:11.835696+00,ETHUSDT,0.0392,3140.2
2025-12-09 15:20:11.830286+00,ETHUSDT,0.0032,3140.2
2025-12-09 15:20:11.829057+00,ETHUSDT,0.0027,3140.2
2025-12-09 15:20:11.826664+00,ETHUSDT,0.0027,3140.2
2025-12-09 15:20:11.825937+00,ETHUSDT,0.0032,3140.2
2025-12-09 15:20:11.825399+00,ETHUSDT,0.0024,3140.2
2025-12-09 15:20:11.824904+00,ETHUSDT,0.0024,3140.2
2025-12-09 15:20:11.824198+00,ETHUSDT,0.0024,3140.2
2025-12-09 15:20:11.818578+00,ETHUSDT,0.0024,3140.2
2025-12-09 15:20:11.817306+00,ETHUSDT,0.0027,3140.2
2025-12-09 15:20:11.816932+00,ETHUSDT,0.0024,3140.2
2025-12-09 15:20:11.816502+00,ETHUSDT,0.0027,3140.2
2025-12-09 15:20:11.815567+00,ETHUSDT,0.0027,3140.2
2025-12-09 15:20:11.815193+00,ETHUSDT,0.0027,3140.2
2025-12-09 15:20:11.814438+00,ETHUSDT,0.0027,3140.2
2025-12-09 15:20:11.808855+00,ETHUSDT,0.0024,3140.2
2025-12-09 15:20:11.73526+00,BTCUSDT,0.04343,90908.43
2025-12-09 15:20:11.731688+00,BTCUSDT,0.04811,90908.43
2025-12-09 15:20:11.728619+00,BTCUSDT,0.01115,90908.43
2025-12-09 15:20:11.724154+00,BTCUSDT,8e-05,90908.43
2025-12-09 15:20:11.723655+00,BTCUSDT,8e-05,90908.43
2025-12-09 15:20:11.723241+00,BTCUSDT,0.00012,90908.43
2025-12-09 15:20:11.722629+00,BTCUSDT,8e-05,90908.43
2025-12-09 15:20:11.721652+00,BTCUSDT,8e-05,90908.43
2025-12-09 15:20:11.720518+00,BTCUSDT,0.001,90908.43
2025-12-09 15:20:11.720024+00,BTCUSDT,8e-05,90908.43
2025-12-09 15:20:11.718809+00,BTCUSDT,0.00055,90908.43
2025-12-09 15:20:11.718081+00,BTCUSDT,0.00068,90908.43
2025-12-09 15:20:11.717638+00,BTCUSDT,0.00011,90908.43
2025-12-09 15:20:11.717252+00,BTCUSDT,8e-05,90908.43
2025-12-09 15:20:11.716309+00,BTCUSDT,8e-05,90908.43
2025-12-09 15:20:11.710248+00,BTCUSDT,0.00012,90908.43
2025-12-09 15:20:11.709849+00,BTCUSDT,8e-05,90908.43
2025-12-09 15:20:11.709429+00,BTCUSDT,6e-05,90908.43
2025-12-09 15:20:11.709005+00,BTCUSDT,6e-05,90908.43
2025-12-09 15:20:11.708612+00,BTCUSDT,8e-05,90908.43
2025-12-09 15:20:11.708275+00,BTCUSDT,8e-05,90908.43
2025-12-09 15:20:11.707911+00,BTCUSDT,6e-05,90908.43
2025-12-09 15:20:11.707572+00,BTCUSDT,8e-05,90908.43
2025-12-09 15:20:11.707221+00,BTCUSDT,8e-05,90908.43
2025-12-09 15:20:11.706883+00,BTCUSDT,0.00293,90908.43
2025-12-09 15:20:11.706489+00,BTCUSDT,6e-05,90908.43
2025-12-09 15:20:11.70615+00,BTCUSDT,8e-05,90908.43
2025-12-09 15:20:11.705716+00,BTCUSDT,0.00048,90908.43
2025-12-09 15:20:11.705047+00,BTCUSDT,8e-05,90908.43
2025-12-09 15:20:11.650223+00,ETHUSDT,0.0191,3140.21
2025-12-09 15:20:11.464422+00,BTCUSDT,0.002,90908.44
2025-12-09 15:20:11.46283+00,BTCUSDT,0.002,90908.44
2025-12-09 15:20:11.393622+00,BTCUSDT,0.002,90908.44
2025-12-09 15:20:11.390658+00,BTCUSDT,0.00627,90908.44
2025-12-09 15:20:11.389914+00,ETHUSDT,0.0017,3140.2
2025-12-09 15:20:11.388759+00,ETHUSDT,0.0017,3140.2
2025-12-09 15:20:11.385416+00,ETHUSDT,0.0017,3140.2
2025-12-09 15:20:11.382546+00,ETHUSDT,0.016,3140.2
2025-12-09 15:20:11.380898+00,ETHUSDT,0.0016,3140.2
2025-12-09 15:20:11.380346+00,ETHUSDT,0.0116,3140.16
2025-12-09 15:20:11.379683+00,ETHUSDT,0.0796,3140.11
2025-12-09 15:20:11.378308+00,ETHUSDT,0.0796,3140.11
2025-12-09 15:20:11.376975+00,ETHUSDT,0.0017,3140.1
2025-12-09 15:20:11.375942+00,ETHUSDT,0.0017,3140.1
2025-12-09 15:20:11.351821+00,ETHUSDT,0.0017,3140.1
2025-12-09 15:20:11.351438+00,ETHUSDT,0.0017,3140.09
2025-12-09 15:20:11.350884+00,ETHUSDT,0.0016,3140.06
2025-12-09 15:20:11.350073+00,ETHUSDT,0.0016,3140
2025-12-09 15:20:11.344616+00,ETHUSDT,0.0017,3139.98
2025-12-09 15:20:11.342579+00,ETHUSDT,0.0017,3139.97
2025-12-09 15:20:11.342206+00,ETHUSDT,0.0017,3139.97
2025-12-09 15:20:11.341921+00,ETHUSDT,0.0017,3139.97
2025-12-09 15:20:11.341612+00,ETHUSDT,0.0704,3139.96
2025-12-09 15:20:11.341327+00,ETHUSDT,0.0032,3139.96
2025-12-09 15:20:11.340991+00,ETHUSDT,0.059,3139.96
2025-12-09 15:20:11.34072+00,ETHUSDT,0.0024,3139.96
2025-12-09 15:20:11.340459+00,ETHUSDT,0.0024,3139.96
2025-12-09 15:20:11.340159+00,ETHUSDT,0.0024,3139.96
2025-12-09 15:20:11.339824+00,ETHUSDT,0.0024,3139.96
2025-12-09 15:20:11.339547+00,ETHUSDT,0.0024,3139.96
2025-12-09 15:20:11.339104+00,ETHUSDT,0.0017,3139.96
2025-12-09 15:20:11.338523+00,ETHUSDT,0.0024,3139.96
2025-12-09 15:20:11.33752+00,ETHUSDT,0.0017,3139.96
2025-12-09 15:20:11.336016+00,ETHUSDT,0.0017,3139.96
2025-12-09 15:20:11.335488+00,ETHUSDT,0.0032,3139.96
2025-12-09 15:20:11.333912+00,ETHUSDT,0.0289,3139.96
2025-12-09 15:20:11.329949+00,BTCUSDT,0.002,90908.44
2025-12-09 15:20:11.327994+00,ETHUSDT,0.0017,3139.95
2025-12-09 15:20:11.326993+00,ETHUSDT,0.0017,3139.95
2025-12-09 15:20:11.326356+00,ETHUSDT,0.0017,3139.95
2025-12-09 15:20:11.325855+00,ETHUSDT,0.0016,3139.92
2025-12-09 15:20:11.325335+00,ETHUSDT,0.0127,3139.91
2025-12-09 15:20:11.324872+00,ETHUSDT,0.0016,3139.78
2025-12-09 15:20:11.3245+00,ETHUSDT,0.0017,3139.77
2025-12-09 15:20:11.324137+00,ETHUSDT,0.0017,3139.77
2025-12-09 15:20:11.32373+00,ETHUSDT,0.0017,3139.77
2025-12-09 15:20:11.323406+00,ETHUSDT,0.0034,3139.76
2025-12-09 15:20:11.323098+00,ETHUSDT,0.0017,3139.76
2025-12-09 15:20:11.322841+00,ETHUSDT,0.0024,3139.76
2025-12-09 15:20:11.322562+00,ETHUSDT,0.0017,3139.76
2025-12-09 15:20:11.322119+00,ETHUSDT,0.0017,3139.76
2025-12-09 15:20:11.321865+00,ETHUSDT,0.0024,3139.76
2025-12-09 15:20:11.321585+00,ETHUSDT,0.0024,3139.76
2025-12-09 15:20:11.321306+00,ETHUSDT,0.0024,3139.76
2025-12-09 15:20:11.321019+00,ETHUSDT,0.0024,3139.76
2025-12-09 15:20:11.320764+00,ETHUSDT,0.0024,3139.76
2025-12-09 15:20:11.320509+00,ETHUSDT,0.0017,3139.76
2025-12-09 15:20:11.320165+00,ETHUSDT,0.0017,3139.76
2025-12-09 15:20:11.318437+00,ETHUSDT,0.0017,3139.76
2025-12-09 15:20:11.316761+00,BTCUSDT,0.002,90908.44
2025-12-09 15:20:11.316045+00,ETHUSDT,0.0024,3139.75
2025-12-09 15:20:11.315524+00,ETHUSDT,0.0024,3139.75
2025-12-09 15:20:11.314946+00,ETHUSDT,0.0024,3139.75
2025-12-09 15:20:11.314596+00,ETHUSDT,0.0024,3139.75
2025-12-09 15:20:11.314267+00,ETHUSDT,0.0024,3139.75
2025-12-09 15:20:11.313921+00,ETHUSDT,0.0024,3139.75
2025-12-09 15:20:11.313589+00,ETHUSDT,0.0017,3139.75
2025-12-09 15:20:11.313295+00,ETHUSDT,0.0017,3139.75
2025-12-09 15:20:11.312976+00,ETHUSDT,0.0088,3139.75
2025-12-09 15:20:11.312688+00,ETHUSDT,0.066,3139.75
2025-12-09 15:20:11.312381+00,ETHUSDT,0.0032,3139.75
2025-12-09 15:20:11.312035+00,ETHUSDT,0.0032,3139.75
2025-12-09 15:20:11.311766+00,ETHUSDT,0.0017,3139.75
2025-12-09 15:20:11.311488+00,ETHUSDT,0.0032,3139.75
2025-12-09 15:20:11.311196+00,BTCUSDT,0.002,90908.44
2025-12-09 15:20:11.310866+00,ETHUSDT,0.5,3139.74
2025-12-09 15:20:11.310084+00,BTCUSDT,0.002,90908.44
2025-12-09 15:20:11.30856+00,BTCUSDT,0.002,90908.44
2025-12-09 15:20:11.306293+00,BTCUSDT,0.002,90908.44
2025-12-09 15:20:11.304974+00,ETHUSDT,0.0024,3139.65
2025-12-09 15:20:11.272198+00,ETHUSDT,0.0024,3139.65
2025-12-09 15:20:11.271848+00,ETHUSDT,0.0024,3139.65
2025-12-09 15:20:11.271526+00,ETHUSDT,0.0984,3139.65
2025-12-09 15:20:11.271176+00,ETHUSDT,0.0032,3139.65
2025-12-09 15:20:11.270819+00,ETHUSDT,0.0032,3139.65
2025-12-09 15:20:11.270458+00,ETHUSDT,0.0582,3139.65
2025-12-09 15:20:11.270027+00,ETHUSDT,0.0024,3139.65
2025-12-09 15:20:11.269621+00,ETHUSDT,0.0024,3139.65
2025-12-09 15:20:11.269065+00,ETHUSDT,0.0024,3139.65
2025-12-09 15:20:11.268413+00,ETHUSDT,0.0024,3139.65
2025-12-09 15:20:11.267982+00,ETHUSDT,0.0046,3139.65
2025-12-09 15:20:11.26758+00,ETHUSDT,0.0024,3139.65
2025-12-09 15:20:11.267184+00,ETHUSDT,0.0024,3139.65
2025-12-09 15:20:11.266383+00,ETHUSDT,0.0024,3139.65
2025-12-09 15:20:11.264436+00,ETHUSDT,0.0024,3139.65
2025-12-09 15:20:11.139759+00,ETHUSDT,0.0165,3139.65
2025-12-09 15:20:11.139442+00,ETHUSDT,0.9385,3139.65
2025-12-09 15:20:11.139135+00,ETHUSDT,0.0024,3139.65
2025-12-09 15:20:11.138836+00,ETHUSDT,0.0024,3139.65
2025-12-09 15:20:11.138499+00,ETHUSDT,0.0024,3139.65
2025-12-09 15:20:11.138137+00,ETHUSDT,0.0024,3139.65
2025-12-09 15:20:11.137809+00,ETHUSDT,0.0024,3139.65
2025-12-09 15:20:11.137485+00,ETHUSDT,0.0032,3139.65
2025-12-09 15:20:11.137162+00,ETHUSDT,0.0032,3139.65
2025-12-09 15:20:11.136837+00,ETHUSDT,0.0032,3139.65
2025-12-09 15:20:11.136542+00,ETHUSDT,0.0032,3139.65
2025-12-09 15:20:11.136167+00,ETHUSDT,0.2864,3139.65
2025-12-09 15:20:11.135864+00,ETHUSDT,0.0349,3139.65
2025-12-09 15:20:11.135532+00,ETHUSDT,0.0032,3139.65
2025-12-09 15:20:11.135147+00,ETHUSDT,0.1539,3139.65
2025-12-09 15:20:11.13473+00,ETHUSDT,0.0024,3139.65
2025-12-09 15:20:11.134441+00,ETHUSDT,0.0024,3139.65
2025-12-09 15:20:11.134076+00,ETHUSDT,0.0032,3139.65
2025-12-09 15:20:11.13384+00,ETHUSDT,0.4,3139.65
2025-12-09 15:20:11.133595+00,ETHUSDT,0.4928,3139.65
2025-12-09 15:20:11.133274+00,ETHUSDT,0.0032,3139.65
2025-12-09 15:20:11.132881+00,ETHUSDT,0.0024,3139.65
2025-12-09 15:20:11.132276+00,ETHUSDT,0.0024,3139.65
2025-12-09 15:20:11.13157+00,ETHUSDT,0.0024,3139.65
2025-12-09 15:20:11.130072+00,ETHUSDT,0.0024,3139.65
2025-12-09 15:20:11.128788+00,ETHUSDT,0.1732,3139.65
2025-12-09 15:20:11.126577+00,ETHUSDT,0.1212,3139.65
2025-12-09 15:20:11.124863+00,ETHUSDT,0.1,3139.65
2025-12-09 15:20:11.089388+00,BTCUSDT,8e-05,90908.43
2025-12-09 15:20:10.956322+00,ETHUSDT,0.313,3139.65
2025-12-09 15:20:10.953622+00,ETHUSDT,0.3327,3139.64
2025-12-09 15:20:10.953109+00,ETHUSDT,0.4079,3139.64
2025-12-09 15:20:10.952617+00,ETHUSDT,2.374,3139.64
2025-12-09 15:20:10.950605+00,ETHUSDT,0.0027,3139.64
2025-12-09 15:20:10.948019+00,ETHUSDT,0.0027,3139.64
2025-12-09 15:20:10.944791+00,ETHUSDT,0.0027,3139.64
2025-12-09 15:20:10.943182+00,ETHUSDT,0.0024,3139.64
2025-12-09 15:20:10.941352+00,ETHUSDT,0.0027,3139.64
2025-12-09 15:20:10.94086+00,ETHUSDT,0.0024,3139.64
2025-12-09 15:20:10.939903+00,ETHUSDT,0.0024,3139.64
2025-12-09 15:20:10.936799+00,ETHUSDT,0.0027,3139.64
2025-12-09 15:20:10.934614+00,ETHUSDT,0.0024,3139.64
2025-12-09 15:20:10.931496+00,ETHUSDT,0.0032,3139.64
2025-12-09 15:20:10.929934+00,ETHUSDT,0.0148,3139.64
2025-12-09 15:20:10.929326+00,ETHUSDT,0.0032,3139.64
2025-12-09 15:20:10.928926+00,ETHUSDT,0.0024,3139.64
2025-12-09 15:20:10.928532+00,ETHUSDT,0.0024,3139.64
2025-12-09 15:20:10.928137+00,ETHUSDT,0.0024,3139.64
2025-12-09 15:20:10.927648+00,ETHUSDT,0.0024,3139.64
2025-12-09 15:20:10.926991+00,ETHUSDT,0.0024,3139.64
2025-12-09 15:20:10.926351+00,ETHUSDT,0.0027,3139.64
2025-12-09 15:20:10.916839+00,ETHUSDT,0.0032,3139.64
2025-12-09 15:20:10.9164+00,ETHUSDT,0.0024,3139.64
2025-12-09 15:20:10.915971+00,ETHUSDT,0.0017,3139.64
2025-12-09 15:20:10.91525+00,ETHUSDT,0.0027,3139.64
2025-12-09 15:20:10.912025+00,ETHUSDT,0.0027,3139.64
2025-12-09 15:20:10.908723+00,BTCUSDT,0.01746,90908.44
2025-12-09 15:20:10.907107+00,BTCUSDT,0.01539,90908.44
2025-12-09 15:20:10.90629+00,BTCUSDT,0.00012,90908.44
2025-12-09 15:20:10.905762+00,BTCUSDT,0.002,90908.44
2025-12-09 15:20:10.904994+00,BTCUSDT,0.00012,90908.44
2025-12-09 15:20:10.903135+00,BTCUSDT,5e-05,90908.44
2025-12-09 15:20:10.718843+00,ETHUSDT,0.0243,3139.65
2025-12-09 15:20:10.55374+00,BTCUSDT,0.0742,90908.43
2025-12-09 15:20:10.553496+00,BTCUSDT,0.0022,90908.43
2025-12-09 15:20:10.553249+00,BTCUSDT,6e-05,90908.43
2025-12-09 15:20:10.552975+00,BTCUSDT,8e-05,90908.43
2025-12-09 15:20:10.552726+00,BTCUSDT,8e-05,90908.43
2025-12-09 15:20:10.552479+00,BTCUSDT,0.01121,90908.43
2025-12-09 15:20:10.552188+00,BTCUSDT,6e-05,90908.43
2025-12-09 15:20:10.551925+00,BTCUSDT,0.00012,90908.43
2025-12-09 15:20:10.551703+00,BTCUSDT,0.00022,90908.43
2025-12-09 15:20:10.551405+00,BTCUSDT,8e-05,90908.43
2025-12-09 15:20:10.550925+00,BTCUSDT,0.01516,90908.43
2025-12-09 15:20:10.550356+00,BTCUSDT,0.00155,90908.43
2025-12-09 15:20:10.550052+00,BTCUSDT,8e-05,90908.43
2025-12-09 15:20:10.549812+00,BTCUSDT,0.0026,90908.43
2025-12-09 15:20:10.549523+00,BTCUSDT,0.00013,90908.43
2025-12-09 15:20:10.549268+00,BTCUSDT,8e-05,90908.43
2025-12-09 15:20:10.549003+00,BTCUSDT,0.00012,90908.43
2025-12-09 15:20:10.548758+00,BTCUSDT,6e-05,90908.43
2025-12-09 15:20:10.548524+00,BTCUSDT,8e-05,90908.43
2025-12-09 15:20:10.548201+00,BTCUSDT,8e-05,90908.43
2025-12-09 15:20:10.547897+00,BTCUSDT,8e-05,90908.43
2025-12-09 15:20:10.547502+00,BTCUSDT,8e-05,90908.43
2025-12-09 15:20:10.546028+00,BTCUSDT,8e-05,90908.43
2025-12-09 15:20:10.545033+00,BTCUSDT,8e-05,90908.43
2025-12-09 15:20:10.544605+00,BTCUSDT,8e-05,90908.43
2025-12-09 15:20:10.544276+00,BTCUSDT,8e-05,90908.43
2025-12-09 15:20:10.543905+00,BTCUSDT,8e-05,90908.43
2025-12-09 15:20:10.543434+00,BTCUSDT,8e-05,90908.43
2025-12-09 15:20:10.542822+00,BTCUSDT,6e-05,90908.43
2025-12-09 15:20:10.542514+00,BTCUSDT,8e-05,90908.43
2025-12-09 15:20:10.542151+00,BTCUSDT,8e-05,90908.43
2025-12-09 15:20:10.541494+00,BTCUSDT,8e-05,90908.43
2025-12-09 15:20:10.541178+00,BTCUSDT,8e-05,90908.43
2025-12-09 15:20:10.540931+00,BTCUSDT,6e-05,90908.43
2025-12-09 15:20:10.540652+00,BTCUSDT,8e-05,90908.43
2025-12-09 15:20:10.540377+00,BTCUSDT,8e-05,90908.43
2025-12-09 15:20:10.540065+00,BTCUSDT,8e-05,90908.43
2025-12-09 15:20:10.539745+00,BTCUSDT,8e-05,90908.43
2025-12-09 15:20:10.539364+00,BTCUSDT,8e-05,90908.43
2025-12-09 15:20:10.538929+00,BTCUSDT,8e-05,90908.43
2025-12-09 15:20:10.537828+00,BTCUSDT,8e-05,90908.43
2025-12-09 15:20:10.537375+00,BTCUSDT,8e-05,90908.43
2025-12-09 15:20:10.536663+00,BTCUSDT,8e-05,90908.43
2025-12-09 15:20:10.361959+00,BTCUSDT,0.002,90908.44
2025-12-09 15:20:10.3603+00,BTCUSDT,0.002,90908.44
2025-12-09 15:20:10.258384+00,BTCUSDT,0.00023,90908.44
2025-12-09 15:20:10.227244+00,BTCUSDT,0.002,90908.44
2025-12-09 15:20:10.220906+00,BTCUSDT,0.002,90908.44
2025-12-09 15:20:10.2125+00,BTCUSDT,0.002,90908.44
2025-12-09 15:20:10.209643+00,BTCUSDT,0.002,90908.44
2025-12-09 15:20:10.082743+00,BTCUSDT,0.002,90908.44
2025-12-09 15:20:10.082449+00,BTCUSDT,0.002,90908.44
2025-12-09 15:20:10.082122+00,BTCUSDT,0.002,90908.44
2025-12-09 15:20:10.081663+00,BTCUSDT,0.00061,90908.44
2025-12-09 15:20:10.080694+00,BTCUSDT,0.00115,90908.44
2025-12-09 15:20:10.07927+00,BTCUSDT,0.00012,90908.44
2025-12-09 15:20:10.07836+00,BTCUSDT,0.00012,90908.44
2025-12-09 15:20:10.077384+00,ETHUSDT,0.032,3139.65
2025-12-09 15:20:10.023266+00,ETHUSDT,0.0017,3139.65
2025-12-09 15:20:10.022927+00,ETHUSDT,0.0487,3139.63
2025-12-09 15:20:10.01723+00,ETHUSDT,0.0016,3139.64
2025-12-09 15:20:10.016764+00,ETHUSDT,0.0096,3139.65
2025-12-09 15:20:10.015742+00,ETHUSDT,0.0318,3139.68
2025-12-09 15:20:10.015457+00,ETHUSDT,0.0308,3139.68
2025-12-09 15:20:10.015018+00,ETHUSDT,0.0016,3139.68
2025-12-09 15:20:10.014622+00,ETHUSDT,0.0016,3139.69
2025-12-09 15:20:10.013534+00,ETHUSDT,0.0016,3139.69
2025-12-09 15:20:10.01237+00,ETHUSDT,0.0016,3139.69
2025-12-09 15:20:10.011728+00,ETHUSDT,0.0016,3139.69
2025-12-09 15:20:10.011359+00,ETHUSDT,0.0032,3139.69
2025-12-09 15:20:10.011001+00,ETHUSDT,0.0016,3139.69
2025-12-09 15:20:10.010534+00,ETHUSDT,0.0016,3139.69
2025-12-09 15:20:10.010257+00,ETHUSDT,0.0016,3139.69
2025-12-09 15:20:10.009961+00,ETHUSDT,0.0016,3139.69
2025-12-09 15:20:10.009663+00,ETHUSDT,0.031,3139.71
2025-12-09 15:20:10.009365+00,ETHUSDT,0.0016,3139.72
2025-12-09 15:20:10.009017+00,ETHUSDT,0.0016,3139.72
2025-12-09 15:20:10.008712+00,ETHUSDT,0.0016,3139.73
2025-12-09 15:20:10.008472+00,ETHUSDT,0.0016,3139.73
2025-12-09 15:20:10.008188+00,ETHUSDT,0.0308,3139.73
2025-12-09 15:20:10.007865+00,ETHUSDT,0.0824,3139.73
2025-12-09 15:20:10.00748+00,ETHUSDT,0.0017,3139.74
2025-12-09 15:20:10.007101+00,ETHUSDT,0.0017,3139.74
2025-12-09 15:20:10.006801+00,ETHUSDT,0.0017,3139.74
2025-12-09 15:20:10.00645+00,ETHUSDT,0.0016,3139.76
2025-12-09 15:20:10.006177+00,ETHUSDT,0.0017,3139.76
2025-12-09 15:20:10.005925+00,ETHUSDT,0.05,3139.76
2025-12-09 15:20:10.005667+00,ETHUSDT,0.0016,3139.76
2025-12-09 15:20:10.005414+00,ETHUSDT,0.0016,3139.77
2025-12-09 15:20:10.005149+00,ETHUSDT,0.0032,3139.77
2025-12-09 15:20:10.004849+00,ETHUSDT,0.0016,3139.77
2025-12-09 15:20:10.00459+00,ETHUSDT,0.0385,3139.77
2025-12-09 15:20:10.004306+00,ETHUSDT,0.0016,3139.78
2025-12-09 15:20:10.004034+00,ETHUSDT,0.0016,3139.78
2025-12-09 15:20:10.003768+00,ETHUSDT,0.016,3139.78
2025-12-09 15:20:10.003501+00,ETHUSDT,0.0016,3139.78
2025-12-09 15:20:10.003232+00,ETHUSDT,0.0016,3139.81
2025-12-09 15:20:10.002928+00,ETHUSDT,0.0024,3139.81
2025-12-09 15:20:10.002578+00,ETHUSDT,0.0016,3139.81
2025-12-09 15:20:10.002196+00,ETHUSDT,0.0016,3139.84
2025-12-09 15:20:10.001333+00,ETHUSDT,0.005,3139.85
2025-12-09 15:20:10.000908+00,ETHUSDT,0.0126,3139.89
2025-12-09 15:20:10.000582+00,ETHUSDT,0.0119,3139.9
2025-12-09 15:20:10.000171+00,ETHUSDT,0.0032,3139.9
2025-12-09 15:20:09.999783+00,ETHUSDT,0.0032,3139.9
2025-12-09 15:20:09.99915+00,ETHUSDT,0.0016,3139.92
2025-12-09 15:20:09.986314+00,ETHUSDT,0.0016,3139.94
2025-12-09 15:20:09.984084+00,ETHUSDT,0.0016,3139.94
2025-12-09 15:20:09.983055+00,ETHUSDT,0.164,3139.94
2025-12-09 15:20:09.98257+00,ETHUSDT,0.0017,3139.95
2025-12-09 15:20:09.982255+00,ETHUSDT,0.0017,3139.95
2025-12-09 15:20:09.981947+00,ETHUSDT,0.0017,3139.95
2025-12-09 15:20:09.981661+00,ETHUSDT,0.5417,3139.98
2025-12-09 15:20:09.981294+00,ETHUSDT,0.0017,3139.99
2025-12-09 15:20:09.980793+00,ETHUSDT,0.0017,3139.99
2025-12-09 15:20:09.980505+00,ETHUSDT,0.0017,3139.99
2025-12-09 15:20:09.980148+00,ETHUSDT,0.0017,3140
2025-12-09 15:20:09.979832+00,ETHUSDT,0.0016,3140
2025-12-09 15:20:09.979422+00,ETHUSDT,0.0016,3140.02
2025-12-09 15:20:09.979124+00,ETHUSDT,0.0017,3140.02
2025-12-09 15:20:09.97875+00,ETHUSDT,0.0017,3140.02
2025-12-09 15:20:09.978251+00,ETHUSDT,0.0016,3140.02
2025-12-09 15:20:09.977922+00,ETHUSDT,0.0017,3140.04
2025-12-09 15:20:09.977619+00,ETHUSDT,0.0017,3140.05
2025-12-09 15:20:09.977343+00,ETHUSDT,0.0016,3140.06
2025-12-09 15:20:09.97704+00,ETHUSDT,0.0017,3140.06
2025-12-09 15:20:09.976781+00,ETHUSDT,0.0016,3140.06
2025-12-09 15:20:09.976479+00,ETHUSDT,0.0016,3140.06
2025-12-09 15:20:09.976185+00,ETHUSDT,0.0027,3140.07
2025-12-09 15:20:09.975897+00,ETHUSDT,0.0017,3140.07
2025-12-09 15:20:09.975585+00,ETHUSDT,0.0017,3140.08
2025-12-09 15:20:09.975034+00,ETHUSDT,0.0017,3140.08
2025-12-09 15:20:09.974777+00,ETHUSDT,0.0016,3140.09
2025-12-09 15:20:09.974436+00,ETHUSDT,0.0016,3140.09
2025-12-09 15:20:09.974106+00,ETHUSDT,0.0027,3140.09
2025-12-09 15:20:09.973782+00,ETHUSDT,0.0017,3140.09
2025-12-09 15:20:09.973407+00,ETHUSDT,0.0017,3140.1
2025-12-09 15:20:09.973071+00,ETHUSDT,0.0017,3140.14
2025-12-09 15:20:09.972749+00,ETHUSDT,0.0017,3140.14
2025-12-09 15:20:09.972314+00,ETHUSDT,0.0017,3140.14
2025-12-09 15:20:09.971963+00,ETHUSDT,0.0017,3140.14
2025-12-09 15:20:09.971648+00,ETHUSDT,0.0016,3140.15
2025-12-09 15:20:09.971304+00,ETHUSDT,0.0017,3140.15
2025-12-09 15:20:09.970968+00,ETHUSDT,0.0017,3140.15
2025-12-09 15:20:09.970559+00,ETHUSDT,0.0017,3140.15
2025-12-09 15:20:09.970235+00,ETHUSDT,0.0017,3140.15
2025-12-09 15:20:09.96983+00,ETHUSDT,0.0027,3140.15
2025-12-09 15:20:09.969437+00,ETHUSDT,0.0027,3140.15
2025-12-09 15:20:09.968799+00,ETHUSDT,0.0024,3140.15
2025-12-09 15:20:09.967119+00,ETHUSDT,0.0024,3140.15
2025-12-09 15:20:09.966569+00,ETHUSDT,0.0017,3140.15
2025-12-09 15:20:09.966177+00,ETHUSDT,0.0027,3140.15
2025-12-09 15:20:09.965801+00,ETHUSDT,0.0016,3140.15
2025-12-09 15:20:09.965402+00,ETHUSDT,0.0027,3140.15
2025-12-09 15:20:09.965008+00,ETHUSDT,0.0024,3140.15
2025-12-09 15:20:09.964638+00,ETHUSDT,0.0027,3140.15
2025-12-09 15:20:09.964235+00,ETHUSDT,0.0024,3140.15
2025-12-09 15:20:09.963868+00,ETHUSDT,0.0027,3140.15
2025-12-09 15:20:09.96347+00,ETHUSDT,0.0024,3140.15
2025-12-09 15:20:09.962998+00,ETHUSDT,0.0027,3140.15
2025-12-09 15:20:09.961216+00,ETHUSDT,0.0024,3140.15
2025-12-09 15:20:09.956347+00,ETHUSDT,0.0027,3140.15
2025-12-09 15:20:09.952535+00,ETHUSDT,0.0024,3140.15
2025-12-09 15:20:09.949747+00,ETHUSDT,0.0027,3140.15
2025-12-09 15:20:09.94773+00,ETHUSDT,0.0024,3140.15
2025-12-09 15:20:09.945572+00,ETHUSDT,0.0032,3140.15
2025-12-09 15:20:09.911026+00,ETHUSDT,0.0228,3140.15
2025-12-09 15:20:09.910521+00,ETHUSDT,0.0032,3140.15
2025-12-09 15:20:09.909932+00,ETHUSDT,0.0024,3140.15
2025-12-09 15:20:09.909494+00,ETHUSDT,0.0024,3140.15
2025-12-09 15:20:09.908807+00,ETHUSDT,0.0032,3140.15
2025-12-09 15:20:09.90801+00,ETHUSDT,0.0027,3140.15
2025-12-09 15:20:09.903553+00,ETHUSDT,0.0027,3140.15
2025-12-09 15:20:09.903097+00,ETHUSDT,0.0027,3140.15
2025-12-09 15:20:09.902628+00,ETHUSDT,0.0027,3140.15
2025-12-09 15:20:09.901967+00,ETHUSDT,0.0027,3140.15
2025-12-09 15:20:09.900959+00,ETHUSDT,0.0024,3140.15
2025-12-09 15:20:09.899773+00,ETHUSDT,0.0024,3140.15
2025-12-09 15:20:09.899311+00,ETHUSDT,0.0027,3140.15
2025-12-09 15:20:09.898794+00,ETHUSDT,0.0027,3140.15
2025-12-09 15:20:09.898254+00,ETHUSDT,0.0024,3140.15
2025-12-09 15:20:09.897597+00,ETHUSDT,0.0024,3140.15
2025-12-09 15:20:09.896552+00,ETHUSDT,0.9009,3140.15
2025-12-09 15:20:09.895546+00,ETHUSDT,0.0032,3140.15
2025-12-09 15:20:09.894593+00,ETHUSDT,2.219,3140.15
2025-12-09 15:20:09.640339+00,ETHUSDT,0.0287,3140.16
2025-12-09 15:20:09.639241+00,ETHUSDT,0.0032,3140.16
2025-12-09 15:20:09.576719+00,ETHUSDT,0.9188,3140.16
2025-12-09 15:20:09.575839+00,ETHUSDT,2.374,3140.16
2025-12-09 15:20:09.574692+00,ETHUSDT,0.026,3140.16
2025-12-09 15:20:09.573905+00,ETHUSDT,0.0446,3140.16
2025-12-09 15:20:09.573452+00,ETHUSDT,0.0024,3140.16
2025-12-09 15:20:09.573031+00,ETHUSDT,0.0024,3140.16
2025-12-09 15:20:09.572584+00,ETHUSDT,0.0024,3140.16
2025-12-09 15:20:09.571928+00,ETHUSDT,0.0024,3140.16
2025-12-09 15:20:09.57151+00,ETHUSDT,0.0024,3140.16
2025-12-09 15:20:09.570996+00,ETHUSDT,0.0032,3140.16
2025-12-09 15:20:09.570279+00,ETHUSDT,0.0024,3140.16
2025-12-09 15:20:09.317425+00,BTCUSDT,0.00012,90908.44
2025-12-09 15:20:09.317097+00,BTCUSDT,0.00661,90908.43
2025-12-09 15:20:09.316668+00,BTCUSDT,0.00653,90908.43
2025-12-09 15:20:09.315899+00,BTCUSDT,8e-05,90908.43
2025-12-09 15:20:09.314332+00,BTCUSDT,8e-05,90908.43
2025-12-09 15:20:09.313007+00,BTCUSDT,8e-05,90908.43
2025-12-09 15:20:09.312098+00,BTCUSDT,8e-05,90908.43
2025-12-09 15:20:09.311357+00,BTCUSDT,0.00012,90908.43
2025-12-09 15:20:09.310515+00,BTCUSDT,0.0143,90908.43
2025-12-09 15:20:09.309748+00,BTCUSDT,0.04811,90908.43
2025-12-09 15:20:09.309243+00,BTCUSDT,0.00145,90908.43
2025-12-09 15:20:09.308746+00,BTCUSDT,0.00012,90908.43
2025-12-09 15:20:09.308392+00,BTCUSDT,0.00012,90908.43
2025-12-09 15:20:09.307951+00,BTCUSDT,0.00012,90908.43
2025-12-09 15:20:09.307539+00,BTCUSDT,0.00012,90908.43
2025-12-09 15:20:09.307012+00,BTCUSDT,0.03211,90908.43
2025-12-09 15:20:09.305973+00,ETHUSDT,0.0016,3140.15
2025-12-09 15:20:08.89603+00,ETHUSDT,3.1856,3140.15
2025-12-09 15:20:08.763908+00,ETHUSDT,0.2,3140.16
2025-12-09 15:20:08.762524+00,ETHUSDT,0.0706,3140.16
2025-12-09 15:20:08.761884+00,ETHUSDT,0.0017,3140.15
2025-12-09 15:20:08.761614+00,ETHUSDT,0.0017,3140.15
2025-12-09 15:20:08.761333+00,ETHUSDT,0.0017,3140.15
2025-12-09 15:20:08.76096+00,ETHUSDT,0.0243,3140.08
2025-12-09 15:20:08.760622+00,ETHUSDT,0.0133,3140.06
2025-12-09 15:20:08.760269+00,ETHUSDT,0.0016,3140.06
2025-12-09 15:20:08.759947+00,ETHUSDT,0.005,3140.02
2025-12-09 15:20:08.759423+00,ETHUSDT,0.0016,3140
2025-12-09 15:20:08.75892+00,ETHUSDT,0.0016,3139.92
2025-12-09 15:20:08.758611+00,ETHUSDT,0.0024,3139.91
2025-12-09 15:20:08.7583+00,ETHUSDT,0.0024,3139.91
2025-12-09 15:20:08.757996+00,ETHUSDT,0.0017,3139.91
2025-12-09 15:20:08.757714+00,ETHUSDT,0.0032,3139.9
2025-12-09 15:20:08.757385+00,ETHUSDT,0.0024,3139.9
2025-12-09 15:20:08.757066+00,ETHUSDT,0.0024,3139.9
2025-12-09 15:20:08.756759+00,ETHUSDT,0.0024,3139.9
2025-12-09 15:20:08.756293+00,ETHUSDT,0.0024,3139.9
2025-12-09 15:20:08.751621+00,ETHUSDT,0.0024,3139.9
2025-12-09 15:20:08.750623+00,ETHUSDT,0.0163,3139.9
2025-12-09 15:20:08.750041+00,ETHUSDT,0.0017,3139.9
2025-12-09 15:20:08.749603+00,ETHUSDT,0.0318,3139.9
2025-12-09 15:20:08.749149+00,ETHUSDT,0.0024,3139.9
2025-12-09 15:20:08.748454+00,ETHUSDT,0.0024,3139.9
2025-12-09 15:20:08.746931+00,ETHUSDT,0.3378,3139.9
2025-12-09 15:20:08.673505+00,ETHUSDT,0.2,3139.9
2025-12-09 15:20:08.673006+00,ETHUSDT,0.4,3139.9
2025-12-09 15:20:08.672158+00,ETHUSDT,0.0241,3139.9
2025-12-09 15:20:08.671381+00,ETHUSDT,0.0024,3139.9
2025-12-09 15:20:08.670406+00,ETHUSDT,0.0024,3139.9
2025-12-09 15:20:08.669454+00,ETHUSDT,0.0024,3139.9
2025-12-09 15:20:08.667271+00,ETHUSDT,0.0024,3139.9
2025-12-09 15:20:08.666222+00,ETHUSDT,0.0479,3139.9
2025-12-09 15:20:08.665275+00,ETHUSDT,0.0024,3139.9
2025-12-09 15:20:08.663801+00,ETHUSDT,0.0024,3139.9
2025-12-09 15:20:08.658771+00,ETHUSDT,0.0024,3139.9
2025-12-09 15:20:08.658128+00,ETHUSDT,0.0024,3139.9
2025-12-09 15:20:08.657765+00,ETHUSDT,0.0024,3139.9
2025-12-09 15:20:08.657315+00,ETHUSDT,0.0032,3139.9
2025-12-09 15:20:08.656575+00,ETHUSDT,0.0032,3139.9
2025-12-09 15:20:08.570555+00,BTCUSDT,0.002,90908.44
2025-12-09 15:20:08.569794+00,BTCUSDT,0.002,90908.44
2025-12-09 15:20:08.553286+00,BTCUSDT,0.00164,90908.44
2025-12-09 15:20:08.552886+00,BTCUSDT,0.00012,90908.44
2025-12-09 15:20:08.552354+00,BTCUSDT,0.00012,90908.44
2025-12-09 15:20:08.550874+00,BTCUSDT,0.00012,90908.44
2025-12-09 15:20:08.54706+00,BTCUSDT,0.0044,90908.43
2025-12-09 15:20:08.515236+00,BTCUSDT,0.00579,90908.44
2025-12-09 15:20:08.503384+00,BTCUSDT,0.002,90908.44
2025-12-09 15:20:08.502444+00,BTCUSDT,0.002,90908.44
2025-12-09 15:20:08.502012+00,BTCUSDT,0.002,90908.44
2025-12-09 15:20:08.500932+00,BTCUSDT,0.00113,90908.44
2025-12-09 15:20:08.49946+00,BTCUSDT,0.00012,90908.44
2025-12-09 15:20:08.497686+00,BTCUSDT,0.00075,90908.44
2025-12-09 15:20:08.475495+00,ETHUSDT,2.2205,3139.89
2025-12-09 15:20:08.475228+00,ETHUSDT,0.0024,3139.89
2025-12-09 15:20:08.474963+00,ETHUSDT,0.0024,3139.89
2025-12-09 15:20:08.474733+00,ETHUSDT,0.0024,3139.89
2025-12-09 15:20:08.474493+00,ETHUSDT,0.0032,3139.89
2025-12-09 15:20:08.474244+00,ETHUSDT,0.0032,3139.89
2025-12-09 15:20:08.473985+00,ETHUSDT,0.0032,3139.89
2025-12-09 15:20:08.47374+00,ETHUSDT,0.0032,3139.89
2025-12-09 15:20:08.473498+00,ETHUSDT,0.0032,3139.89
2025-12-09 15:20:08.47324+00,ETHUSDT,0.0024,3139.89
2025-12-09 15:20:08.472975+00,ETHUSDT,0.0024,3139.89
2025-12-09 15:20:08.472733+00,ETHUSDT,0.0024,3139.89
2025-12-09 15:20:08.472476+00,ETHUSDT,0.0017,3139.89
2025-12-09 15:20:08.472149+00,ETHUSDT,0.0024,3139.89
2025-12-09 15:20:08.471835+00,ETHUSDT,0.0024,3139.89
2025-12-09 15:20:08.471535+00,ETHUSDT,0.0024,3139.89
2025-12-09 15:20:08.471158+00,ETHUSDT,0.0027,3139.89
2025-12-09 15:20:08.47081+00,ETHUSDT,0.0016,3139.89
2025-12-09 15:20:08.470165+00,ETHUSDT,0.0047,3139.89
2025-12-09 15:20:08.429458+00,ETHUSDT,0.6369,3139.9
2025-12-09 15:20:08.326598+00,BTCUSDT,0.002,90908.44
2025-12-09 15:20:08.325792+00,BTCUSDT,0.002,90908.44
2025-12-09 15:20:08.325394+00,BTCUSDT,0.002,90908.44
2025-12-09 15:20:08.324989+00,BTCUSDT,0.002,90908.44
2025-12-09 15:20:08.324513+00,BTCUSDT,0.09901,90908.43
2025-12-09 15:20:08.323387+00,BTCUSDT,0.01103,90908.43
2025-12-09 15:20:08.051182+00,BTCUSDT,0.00018,90908.43
2025-12-09 15:20:08.050856+00,BTCUSDT,6e-05,90908.43
2025-12-09 15:20:08.050542+00,BTCUSDT,0.00012,90908.43
2025-12-09 15:20:08.050207+00,BTCUSDT,8e-05,90908.43
2025-12-09 15:20:08.049882+00,BTCUSDT,8e-05,90908.43
2025-12-09 15:20:08.049588+00,BTCUSDT,8e-05,90908.43
2025-12-09 15:20:08.049237+00,BTCUSDT,8e-05,90908.43
2025-12-09 15:20:08.048682+00,BTCUSDT,8e-05,90908.43
2025-12-09 15:20:08.046575+00,BTCUSDT,8e-05,90908.43
2025-12-09 15:20:08.044519+00,BTCUSDT,8e-05,90908.43
2025-12-09 15:20:08.042655+00,BTCUSDT,8e-05,90908.43
2025-12-09 15:20:07.998481+00,ETHUSDT,2.1157,3139.89
2025-12-09 15:20:07.998181+00,ETHUSDT,0.0027,3139.89
2025-12-09 15:20:07.99788+00,ETHUSDT,0.0027,3139.89
2025-12-09 15:20:07.997497+00,ETHUSDT,0.0027,3139.89
2025-12-09 15:20:07.996611+00,ETHUSDT,0.0027,3139.89
2025-12-09 15:20:07.995565+00,ETHUSDT,0.0027,3139.89
2025-12-09 15:20:07.994656+00,ETHUSDT,0.0027,3139.89
2025-12-09 15:20:07.994129+00,ETHUSDT,0.0024,3139.89
2025-12-09 15:20:07.993622+00,ETHUSDT,0.0016,3139.89
2025-12-09 15:20:07.992764+00,ETHUSDT,0.0024,3139.89
2025-12-09 15:20:07.992238+00,ETHUSDT,0.0024,3139.89
2025-12-09 15:20:07.991819+00,ETHUSDT,0.0024,3139.89
2025-12-09 15:20:07.991469+00,ETHUSDT,0.0024,3139.89
2025-12-09 15:20:07.991049+00,ETHUSDT,0.0024,3139.89
2025-12-09 15:20:07.990659+00,ETHUSDT,0.0024,3139.89
2025-12-09 15:20:07.989898+00,ETHUSDT,0.0024,3139.89
2025-12-09 15:20:07.987807+00,ETHUSDT,0.0024,3139.89
2025-12-09 15:20:07.985995+00,ETHUSDT,0.0017,3139.89
2025-12-09 15:20:07.984102+00,ETHUSDT,0.0027,3139.89
2025-12-09 15:20:07.983333+00,ETHUSDT,0.0073,3139.89
2025-12-09 15:20:07.981169+00,ETHUSDT,0.1512,3139.89
2025-12-09 15:20:07.978441+00,ETHUSDT,0.0032,3139.89
2025-12-09 15:20:07.975952+00,ETHUSDT,0.0032,3139.89
2025-12-09 15:20:07.551641+00,ETHUSDT,0.0206,3139.9
2025-12-09 15:20:07.4985+00,ETHUSDT,0.0048,3139.9
2025-12-09 15:20:07.29881+00,BTCUSDT,0.11003,90908.43
2025-12-09 15:20:07.001583+00,ETHUSDT,0.0066,3139.9
2025-12-09 15:20:06.846344+00,BTCUSDT,6e-05,90908.43
2025-12-09 15:20:06.666971+00,ETHUSDT,2.9733,3139.89
2025-12-09 15:20:06.66671+00,ETHUSDT,0.0027,3139.89
2025-12-09 15:20:06.666463+00,ETHUSDT,0.0027,3139.89
2025-12-09 15:20:06.666186+00,ETHUSDT,0.0027,3139.89
2025-12-09 15:20:06.665939+00,ETHUSDT,0.0027,3139.89
2025-12-09 15:20:06.665671+00,ETHUSDT,0.0027,3139.89
2025-12-09 15:20:06.665358+00,ETHUSDT,0.0027,3139.89
2025-12-09 15:20:06.664989+00,ETHUSDT,0.0027,3139.89
2025-12-09 15:20:06.664715+00,ETHUSDT,0.0027,3139.89
2025-12-09 15:20:06.66444+00,ETHUSDT,0.0027,3139.89
2025-12-09 15:20:06.664128+00,ETHUSDT,0.0017,3139.89
2025-12-09 15:20:06.663804+00,ETHUSDT,0.0032,3139.89
2025-12-09 15:20:06.663128+00,ETHUSDT,0.1835,3139.89
2025-12-09 15:20:06.66088+00,BTCUSDT,0.00012,90908.43
2025-12-09 15:20:06.524728+00,ETHUSDT,0.0328,3139.9
2025-12-09 15:20:06.524486+00,ETHUSDT,0.1192,3139.89
2025-12-09 15:20:06.524233+00,ETHUSDT,0.0027,3139.89
2025-12-09 15:20:06.523968+00,ETHUSDT,0.0027,3139.89
2025-12-09 15:20:06.523715+00,ETHUSDT,0.0027,3139.89
2025-12-09 15:20:06.523112+00,ETHUSDT,0.0027,3139.89
2025-12-09 15:20:06.522844+00,ETHUSDT,0.0032,3139.89
2025-12-09 15:20:06.522597+00,ETHUSDT,0.0027,3139.89
2025-12-09 15:20:06.522341+00,ETHUSDT,0.0017,3139.89
2025-12-09 15:20:06.522048+00,ETHUSDT,0.0027,3139.89
2025-12-09 15:20:06.521796+00,ETHUSDT,0.0027,3139.89
2025-12-09 15:20:06.521529+00,ETHUSDT,0.0027,3139.89
2025-12-09 15:20:06.521223+00,ETHUSDT,0.0027,3139.89
2025-12-09 15:20:06.520745+00,ETHUSDT,0.001,3139.89
2025-12-09 15:20:06.517352+00,ETHUSDT,0.0017,3139.89
2025-12-09 15:20:06.517059+00,ETHUSDT,0.0027,3139.89
2025-12-09 15:20:06.516386+00,ETHUSDT,0.1256,3139.89
2025-12-09 15:20:06.516111+00,ETHUSDT,0.0027,3139.89
2025-12-09 15:20:06.515868+00,ETHUSDT,0.0027,3139.89
2025-12-09 15:20:06.515628+00,ETHUSDT,0.0027,3139.89
2025-12-09 15:20:06.515344+00,ETHUSDT,0.0027,3139.89
2025-12-09 15:20:06.515068+00,ETHUSDT,0.0027,3139.89
2025-12-09 15:20:06.51483+00,ETHUSDT,0.0027,3139.89
2025-12-09 15:20:06.514581+00,ETHUSDT,0.0016,3139.89
2025-12-09 15:20:06.514335+00,ETHUSDT,0.0318,3139.89
2025-12-09 15:20:06.514056+00,ETHUSDT,0.0032,3139.89
2025-12-09 15:20:06.51378+00,ETHUSDT,0.0032,3139.89
2025-12-09 15:20:06.513247+00,ETHUSDT,0.0017,3139.89
2025-12-09 15:20:06.512163+00,ETHUSDT,0.0027,3139.89
2025-12-09 15:20:06.511537+00,ETHUSDT,0.0027,3139.89
2025-12-09 15:20:06.511035+00,ETHUSDT,0.0027,3139.89
2025-12-09 15:20:06.510756+00,ETHUSDT,0.0027,3139.89
2025-12-09 15:20:06.510462+00,ETHUSDT,0.0027,3139.89
2025-12-09 15:20:06.510146+00,ETHUSDT,0.0032,3139.89
2025-12-09 15:20:06.509881+00,BTCUSDT,0.00316,90908.43
2025-12-09 15:20:06.509586+00,ETHUSDT,0.001,3139.89
2025-12-09 15:20:06.509286+00,ETHUSDT,0.0017,3139.9
2025-12-09 15:20:06.508986+00,ETHUSDT,0.0017,3139.9
2025-12-09 15:20:06.508747+00,ETHUSDT,0.0017,3139.9
